2474 4500
508 303 709 365 ...21-

112 493 203 564 aunt3
228 484 386 548 inferioris
404 485 532 567 quidem
550 488 737 551 confluentis
753 486 902 550 distantia
914 489 1013 551 multo
1031 506 1105 551 ma-

115 594 157 654 ior
172 600 243 674 est,
260 592 320 655 scil
332 592 448 675 aliquid
466 595 581 677 amnis,
600 597 1023 677 quiomnitemporealveum
1030 613 1105 656 mu·-

112 704 207 785 ttvit,
225 705 334 765 curaui
347 705 483 767 tribuere
495 705 568 767 licet
582 716 639 769 aut
652 707 751 768 errori
762 700 998 767 bt’nturdontst
1010 701 1105 783 Quod

117 813 184 875 inde
198 813 347 895 eillcitur,
364 810 554 897 Muccurum
570 834 648 877 esse
662 815 782 897 Bakir,
796 814 828 876 id
843 814 1060 889 confirmatur,
1076 811 1106 873 si

113 922 237 1002 utrique
273 921 342 982 urbi
370 921 506 985 eundem
534 924 629 985 situm
662 923 775 985 ascribi
804 923 958 984 videmus.
999 918 1106 981 uanas

116 1026 208 1096 mam
231 1024 326 1089 hodie
346 1026 409 1088 sita
428 1035 480 1088 est
505 1027 537 1088 in
564 1029 668 1090 insula
693 1036 727 1089 et
756 1046 775 1089 a
801 1036 891 1109 parte
919 1025 1108 1089 occidentali

117 1132 297 1196 suburbium
316 1132 414 1195 habet
434 1133 531 1196 liobri
550 1136 605 1196 vol
626 1135 720 1216 Rori,
753 1118 890 1216 quocum
915 1135 984 1196 fere
1012 1151 1108 1195 unam

117 1241 213 1305 efficit
232 1242 355 1312 urbem,
383 1241 570 1305 disiunctum
598 1246 666 1306 Indi
693 1244 837 1324 brachio,
872 1243 958 1325 quod
982 1253 1108 1305 aestate

117 1343 328 1413 exsiccatur⁶.
376 1349 521 1413 Eundem
560 1353 653 1412 situm
693 1351 756 1413 iam
789 1348 899 1412 habuit
937 1368 1018 1410 anno
1046 1346 1110 1410 734

117 1457 193 1537 (inc.
215 1459 266 1520 11.
288 1460 379 1539 Sept
402 1456 508 1544 1333),
531 1479 592 1542 quo
614 1480 685 1523 eam
712 1461 821 1523 invisit
847 1460 904 1521 lbn
930 1455 1109 1536 Bathirtha3

104 1565 236 1649 liauir,
256 1566 302 1629 ait
322 1567 416 1650 enim,
439 1566 547 1627 urbem
570 1585 645 1627 esse
662 1566 838 1648 pulchram,
861 1586 954 1647 quem
978 1566 1122 1647 perfluat

115 1673 280 1736 brachium
300 1672 391 1736 fluvii
411 1669 569 1735 Sindiac².
590 1675 664 1736 Hoc
684 1683 834 1737 accurato
861 1675 1011 1737 convenit
1038 1691 1111 1734 cum

119 1783 167 1863 iis,
188 1802 274 1865 quae
296 1781 421 1844 desito
448 1780 625 1866 Manptiraa
652 1786 822 1847 attulimus.
864 1783 1001 1845 Accedit
1028 1782 1113 1863 quod

121 1890 203 1973 apud
223 1891 342 1953 nullum
362 1892 549 1971 scriptorem
577 1891 741 1974 utriusque
767 1892 852 1952 urbis
877 1891 996 1952 mentio
1026 1891 1113 1952 lacta

122 2002 175 2082 sit3
233 2000 337 2061 ubivis
388 2002 571 2062 alterutrum
622 2009 744 2062 tantum
787 2000 945 2062 invenitur
990 2017 1114 2061 nomen.

123 2109 165 2169 m
184 2108 319 2169 insulam
340 2108 456 2189 Bakir,
485 2126 568 2188 quac
593 2108 633 2169 ab
661 2108 875 2189 antiquissimo
905 2117 1046 2188 tempore
1073 2104 1115 2167 ad

123 2224 262 2277 nostram
283 2232 386 2294 usque
399 2221 537 2276 aetatem
557 2233 683 2295 semper
704 2215 814 2276 urbem
842 2216 1006 2276 llorcntem
1033 2213 1115 2294 tulit,

126 2329 196 2384 tunc
217 2323 368 2402 temporis
387 2323 431 2382 ita
452 2320 628 2383 desolatam
647 2322 761 2405 fuisse,
791 2330 826 2383 ut
854 2322 955 2382 nullus
975 2320 1117 2382 Arabum

128 2430 271 2512 scriptor,
293 2449 388 2511 quum
400 2429 529 2492 Sindiao
549 2431 646 2491 urbes
667 2431 762 2492 ctiam
783 2429 920 2491 minores
941 2436 1117 2511 recenseat,

69 2560 71 2575 =
130 2535 193 2598 cius
214 2537 406 2597 mentionem
426 2534 571 2617 lecisset,
592 2536 649 2596 vix
670 2535 822 2597 credibile
844 2527 999 2596 videtur⁸.
1022 2533 1118 2594 Urbis

189 2714 347 2777 integritate
370 2715 489 2763 dubitare
504 2714 580 2778 nolo,
597 2713 647 2761 etsi
666 2713 733 2761 haec
746 2716 792 2762 vix
815 2726 875 2763 eom
892 2712 955 2775 situ,
969 2723 1046 2773 quem
1061 2710 1117 2758 urbi

189 2783 317 2882 olum
342 2799 443 2865 tribuit,
461 2806 621 2863 congruant.

150 2909 178 2964 c)
194 2908 327 2956 M'Murdo
346 2909 390 2956 29.
410 2909 474 2957 235.
509 2911 610 2958 Bornos
622 2909 701 2958 Reiso
719 2910 751 2958 ll.
771 2907 817 2961 42.
834 2904 870 2953 43
887 2904 949 2952 etl.
966 2900 1120 2954 tanslatio

195 2994 272 3047 18³7.
294 3008 322 3044 n.
348 2997 411 3046 111.
441 2997 513 3045 Male
537 2996 563 3045 in
587 2997 741 3060 Berghausii
759 2995 850 3045 tabula
866 2995 893 3043 in
919 2994 977 3054 ripa
999 2990 1122 3042 orientali

194 3090 288 3151 procul
304 3103 321 3138 u
333 3091 396 3140 tluv'
391 3103 415 3138 ro
429 3090 515 3152 posita
533 3098 583 3139 est

191 3308 294 3373 Ml
316 3315 376 3403 ἰῷ
370 3321 682 3385 .Kosegartcnde1bnli.
697 3319 742 3383 17,
749 3320 813 3367 Leo.
820 3332 844 3379 p.
854 3315 915 3366 102.
929 3316 1031 3362 Locum
1046 3309 1126 3361 latuit

195 3442 275 3479 verus
295 3431 368 3478 urbis
386 3430 467 3492 sitos,
491 3441 568 3491 quam
588 3432 751 3479 destructam
768 3440 829 3475 csso
845 3430 873 3473 et
889 3422 1003 3473 nominis
1021 3422 1122 3467 tantum

197 3519 338 3583 vestigium
365 3520 392 3567 in
420 3521 539 3584 Bopqor
562 3518 734 3568 occidentalis
758 3518 816 3565 lodi
847 3515 909 3563 ostii
930 3511 1037 3560 nominc
1059 3508 1124 3557 reli-

198 3611 286 3670 quisse
303 3613 386 3673 putat.
422 3612 476 3659 Sed
494 3610 556 3673 quin
575 3614 608 3659 ‹le
624 3612 675 3660 lrac
693 3612 757 3658 urbe
773 3611 807 3656 ad
830 3606 943 3654 medium
963 3604 1056 3653 ludum
1075 3603 1127 3652 sita

198 3715 287 3751 sermo
304 3703 349 3765 sit,
369 3700 473 3750 dubium
491 3714 551 3750 csse
568 3702 666 3763 nequit.

159 3794 186 3848 ⁸)
201 3794 262 3843 Non
281 3799 376 3856 taceo,
397 3803 473 3841 mette
496 3791 647 3842 sententiae
665 3788 748 3837 miuus
765 3788 869 3850 fuvere,
883 3798 952 3849 quac
965 3786 997 3835 tle
1008 3784 1129 3834 locorum
