2474 4500
572 288 779 354 -84-

173 481 315 540 narratio
335 483 403 558 eet,·
423 480 453 538 ir
472 480 522 535 eet
541 474 620 535 liber
639 471 735 549 culpo
754 470 841 533 mille
857 456 1165 555 contemmis,

173 589 230 665 qni
246 586 411 645 historiam
431 586 526 659 repis,
556 582 681 656 nereio-i,¹
690 580 777 658 filiae
796 580 866 639 crire
886 576 1048 657 sonoque
1067 582 1167 641 nulri-

173 693 222 751 cir
243 696 389 767 eontinet,
411 687 579 751 Shirdzrid
596 693 628 746 ei
646 686 802 750 Diniarid
820 682 1073 764 appellatorum
1093 702 1169 763 pua·

172 793 214 853 tro
235 800 286 854 est
304 795 382 854 liber
407 791 521 870 Taqlid
538 784 599 872 (2)
619 808 661 849 va
680 786 814 861 rhemor,
842 789 899 865 qui
927 787 1096 847 bacterium
1118 804 1170 855 rc-¹

170 904 224 978 pie
242 903 350 961 Indici
376 907 409 960 et
433 900 610 959 oenirormn
632 901 789 975 continet5
831 894 938 975 quale
962 897 1100 975 &nique
1128 900 1174 957 ui

173 1006 251 1067 liber
271 1005 451 1069 &odoleni
470 1006 587 1084 alizipue
606 1006 642 1064 id
657 1022 762 1082 penus
788 1002 869 1063 libri.

255 1110 395 1172 Primum
416 1087 510 1171 huius
530 1109 708 1171 fabularum
729 1108 809 1192 libri,
832 1108 885 1188 qui
913 1105 999 1187 apud
1026 1124 1089 1171 nos
1113 1124 1172 1181 np-

172 1212 256 1275 mine
276 1215 361 1276 mille
382 1216 521 1276 noctium
542 1214 688 1276 etunius
711 1215 741 1275 iu
764 1214 903 1276 omnium
921 1214 1067 1275 manibus
1096 1232 1173 1277 ver-

171 1329 278 1403 satur,
315 1323 469 1404 originem
501 1321 655 1402 Indicum,
684 1339 724 1382 ex
747 1321 870 1382 interne
895 1320 965 1381 libri
993 1318 1172 1383 conditione

169 1427 234 1487 iam
244 1429 461 1509 perspicuam,
476 1424 646 1488 Masidins
649 1471 660 1508 ,
670 1435 819 1507 quantum
831 1426 1000 1506 hucusque
1008 1424 1172 1507 cognitura

171 1539 236 1614 est,
258 1533 474 1594 interArebes
496 1534 598 1614 solus,
620 1532 775 1594 hocloco
797 1540 944 1593 testatur.
966 1528 1036 1593 Sed
1045 1530 1089 1593 de
1099 1528 1174 1615 lille,

171 1654 267 1719 quam
288 1640 351 1700 hoe
372 1639 587 1702 testimonium
606 1648 755 1720 meretur,
776 1638 816 1700 lis
837 1646 905 1719 est3
926 1636 1000 1699 dum
1013 1638 1100 1701 enim
1115 1636 1175 1699 de·

169 1743 283 1826 inceps
314 1745 528 1828 Iranglesius,
567 1743 763 1808 Gauttierius
800 1756 834 1807 et
868 1745 1064 1807 Hammerus
1091 1742 1176 1807 hunc

169 1849 322 1931 imprimis
342 1850 447 1912 locum
470 1850 641 1930 premendo
669 1851 870 1933 peregrinam
895 1850 966 1913 libri
991 1857 1177 1913 statuerunt

171 1955 323 2037 originem
353 1964 386 2017 et
415 1966 504 2018 reete
534 1954 661 2037 quidem
690 1953 890 2018 Gauttierius
919 1963 953 2018 et
978 1956 1175 2019 nemmem

169 2060 320 2138 Indicam,
345 2063 398 2123 cui
421 2063 599 2124 sententiae
617 2060 730 2124 deinde
748 2083 872 2126 emnem
888 2064 1003 2126 summi
1023 2064 1076 2125 sui
1090 2080 1177 2125 aeu-

168 2166 262 2227 minis
272 2167 374 2229 critici
388 2169 610 2229 auctoritatem
622 2178 654 2228 et
667 2166 791 2247 pondus
801 2168 920 2230 addidit
934 2168 981 2230 ΙΙΙ.
996 2170 1177 2232 semron-

171 2272 288 2354 mus',
308 2274 440 2355 Sacyus
465 2270 497 2335 in
518 2276 785 2338 commentatione
812 2284 989 2339 memorata
1019 2276 1178 2361 originem

170 2378 343 2441 Arabicam
371 2379 574 2442 verisimilem
594 2381 728 2444 reddere
748 2382 887 2468 studuit,
928 2386 1047 2467 inque
1065 2404 1104 2447 re
1124 2384 1177 2449 vir

171 2504 245 2548 mea
265 2486 360 2549 laude
379 2489 491 2572 maior,
515 2509 609 2572 quem
630 2491 693 2552 iam
714 2491 825 2573 lugent
844 2492 963 2555 Musae
986 2492 1177 2573 orientales,

174 2642 386 2659 *-

190 2735 220 2794 1)
238 2738 308 2787 lieri.
325 2738 387 2789 Kal.
406 2737 487 2789 isac.
504 2755 530 2803 p.
548 2744 659 2795 73—75.
693 2738 849 2795 Belerions
865 2757 913 2795 sur
929 2738 1029 2795 l’r'etnne
1045 2746 1096 2795 dea
1111 2742 1181 2799 ltn-

235 2839 305 2890 gues
330 2827 491 2891 Asiatiques.
527 2843 552 2892 p.
593 2831 637 2881 12.
670 2832 797 2882 Eiusdem
832 2832 892 2883 Vtri
921 2834 1023 2885 illustr.
1052 2835 1181 2885 benevo-

237 2916 339 2993 lentiae
370 2918 449 2968 debui
472 2918 615 2968 lectionem
652 2922 764 2970 duarum
794 2922 1047 2972 commentationum
1076 2925 1179 2991 adhuc,

238 3011 366 3069 quantum
382 3010 449 3072 seio,
467 3009 636 3078 ineditarum,
653 3011 680 3061 lu
698 3012 791 3074 qulbus
810 3016 871 3072 pest
894 3013 979 3075 Sacyi
1002 3014 1181 3065 dissertatio·

236 3111 299 3149 uem
315 3099 385 3148 idem
402 3104 590 3162 argumentum
607 3102 701 3165 lingua
719 3104 824 3153 Gallica
841 3104 994 3167 illustravit,
1011 3108 1043 3155 ut
1059 3104 1113 3155 iam
1123 3118 1181 3167 pu-

238 3189 307 3238 blice
324 3202 355 3239 se
372 3202 430 3240 rem
447 3191 528 3251 plene
545 3196 722 3244 tractaturum
739 3196 880 3257 protessus
894 3200 945 3245 est.
977 3190 1046 3245 laen.
1062 3196 1082 3245 l.
1098 3196 1123 3247 l.

186 3300 217 3366 Β)
237 3302 345 3362 Sacyus
362 3305 478 3364 ponnus,
496 3307 566 3365 qnod
583 3305 610 3355 in
627 3302 744 3356 Maeidil
760 3307 922 3358 auctoritate
946 3312 1004 3375 est,
1034 3310 1088 3359 hm
1103 3306 1180 3371 berre

236 3391 360 3458 agnovit,
389 3397 418 3443 nt
446 3394 536 3444 lecum
568 3396 626 3446 eius
660 3397 840 3449 adulteratum
876 3408 965 3461 nequa
996 3400 1107 3453 omnino
1136 3396 1179 3467 πῄ

234 3488 330 3534 noctes
352 3496 370 3533 a
391 3480 516 3535 Masidlo
544 3490 767 3537 commemoratas
796 3501 858 3538 esse
885 3503 935 3552 pro
961 3492 1038 3541 certo
1063 3490 1180 3543 diceret.

233 3571 253 3622 l.
280 3572 299 3621 l.
326 3585 353 3634 p.
381 3573 427 3626 48.
460 3576 491 3625 ld
518 3577 585 3625 artis
614 3578 723 3629 erilicae
750 3577 855 3641 legibus
877 3592 1033 3643 repugnare
1055 3580 1179 3649 videtur,

235 3675 315 3723 quum
349 3675 442 3712 omnes
469 3664 535 3730 litori
570 3680 635 3716 mss.
670 3668 775 3732 lecum,
809 3670 896 3733 qualis
937 3674 998 3737 est,
1033 3672 1080 3723 vix
1119 3686 1177 3727 une

235 3753 318 3801 verbo
335 3754 449 3822 mutato,
466 3758 602 3821 tucantur,
617 3768 707 3820 neque
730 3757 788 3809 ulla
808 3760 879 3813 ratio
902 3760 1009 3813 interna
1030 3768 1177 3832 appareat,
