<?xml version="1.0" encoding="UTF-8"?>
<!DOCTYPE html PUBLIC "-//W3C//DTD XHTML 1.0 Transitional//EN"
    "http://www.w3.org/TR/xhtml1/DTD/xhtml1-transitional.dtd">
<html xmlns="http://www.w3.org/1999/xhtml" xml:lang="en" lang="en">
 <head>
  <title>
</title>
<meta http-equiv="Content-Type" content="text/html;charset=utf-8" />
  <meta name='ocr-system' content='tesseract 3.04.00' />
  <meta name='ocr-capabilities' content='ocr_page ocr_carea ocr_par ocr_line ocrx_word'/>
</head>
<body>
  <div class='ocr_page' id='page_1' title='image "./scriptorumarabu00agoog_0141.png"; bbox 0 0 2474 4500; ppageno 0'>
   <div class='ocr_carea' id='block_1_1' title="bbox 573 245 803 308">
    <p class='ocr_par' dir='ltr' id='par_1_1' title="bbox 573 245 803 308">
     <span class='ocr_line' id='line_1_1' title="bbox 573 245 803 308; baseline 0 -1"><span class='ocrx_word' id='word_1_1' title='bbox 573 245 803 308; x_wconf 69' lang='grc'>-112-</span> 
     </span>
    </p>
   </div>
   <div class='ocr_carea' id='block_1_2' title="bbox 161 414 1229 3303">
    <p class='ocr_par' dir='ltr' id='par_1_2' title="bbox 161 414 1229 3303">
     <span class='ocr_line' id='line_1_2' title="bbox 189 414 1181 513; baseline 0.004 -24"><span class='ocrx_word' id='word_1_2' title='bbox 189 444 257 508; x_wconf 79' lang='lat' dir='ltr'><strong>aaa,</strong></span> <span class='ocrx_word' id='word_1_3' title='bbox 273 429 442 511; x_wconf 82' lang='lat' dir='ltr'>Zingiear‚</span> <span class='ocrx_word' id='word_1_4' title='bbox 456 429 678 513; x_wconf 76' lang='lat' dir='ltr'>Nabathaeos,</span> <span class='ocrx_word' id='word_1_5' title='bbox 712 427 859 491; x_wconf 84' lang='lat' dir='ltr'><strong>Graecas</strong></span> <span class='ocrx_word' id='word_1_6' title='bbox 874 439 907 490; x_wconf 85' lang='lat' dir='ltr'>et</span> <span class='ocrx_word' id='word_1_7' title='bbox 918 414 1078 513; x_wconf 69' lang='lat' dir='ltr'>syrianis</span> <span class='ocrx_word' id='word_1_8' title='bbox 1093 430 1181 493; x_wconf 85' lang='lat' dir='ltr'>etiam</span> 
     </span>
     <span class='ocr_line' id='line_1_3' title="bbox 185 532 1180 619; baseline 0.005 -25"><span class='ocrx_word' id='word_1_9' title='bbox 185 532 313 597; x_wconf 79' lang='lat' dir='ltr'>Indicas</span> <span class='ocrx_word' id='word_1_10' title='bbox 334 554 447 611; x_wconf 76' lang='lat' dir='ltr'>voces,</span> <span class='ocrx_word' id='word_1_11' title='bbox 471 537 604 617; x_wconf 83' lang='lat' dir='ltr'>quaein</span> <span class='ocrx_word' id='word_1_12' title='bbox 629 535 757 612; x_wconf 78' lang='lat' dir='ltr'>Qurrino</span> <span class='ocrx_word' id='word_1_13' title='bbox 780 536 946 619; x_wconf 81' lang='lat' dir='ltr'>leguntur,</span> <span class='ocrx_word' id='word_1_14' title='bbox 985 538 1180 619; x_wconf 79' lang='lat' dir='ltr'>explicavit¹</span> 
     </span>
     <span class='ocr_line' id='line_1_4' title="bbox 184 640 1184 728; baseline 0.004 -29"><span class='ocrx_word' id='word_1_15' title='bbox 184 641 346 704; x_wconf 84' lang='lat' dir='ltr'><strong>Interdum</strong></span> <span class='ocrx_word' id='word_1_16' title='bbox 366 642 524 705; x_wconf 83' lang='lat' dir='ltr'>vocabula</span> <span class='ocrx_word' id='word_1_17' title='bbox 544 640 783 705; x_wconf 82' lang='lat' dir='ltr'>iudicatorum</span> <span class='ocrx_word' id='word_1_18' title='bbox 804 644 1023 728; x_wconf 80' lang='lat' dir='ltr'>potissimum,</span> <span class='ocrx_word' id='word_1_19' title='bbox 1054 642 1184 727; x_wconf 82' lang='lat' dir='ltr'>quaein</span> 
     </span>
     <span class='ocr_line' id='line_1_5' title="bbox 184 746 1179 835; baseline 0.002 -28"><span class='ocrx_word' id='word_1_20' title='bbox 184 746 275 808; x_wconf 84' lang='lat' dir='ltr'>India</span> <span class='ocrx_word' id='word_1_21' title='bbox 295 757 473 809; x_wconf 79' lang='lat' dir='ltr'>naseuntur</span> <span class='ocrx_word' id='word_1_22' title='bbox 492 751 544 810; x_wconf 86' lang='lat' dir='ltr'>vei</span> <span class='ocrx_word' id='word_1_23' title='bbox 564 749 597 809; x_wconf 90' lang='lat' dir='ltr'>in</span> <span class='ocrx_word' id='word_1_24' title='bbox 618 767 677 809; x_wconf 89' lang='lat' dir='ltr'>usu</span> <span class='ocrx_word' id='word_1_25' title='bbox 699 757 786 832; x_wconf 72' lang='lat' dir='ltr'>suut,</span> <span class='ocrx_word' id='word_1_26' title='bbox 809 747 986 811; x_wconf 78' lang='lat' dir='ltr'><strong>laudantur.</strong></span> <span class='ocrx_word' id='word_1_27' title='bbox 1148 830 1151 835; x_wconf 25' lang='grc' dir='ltr'>Ι</span> <span class='ocrx_word' id='word_1_28' title='bbox 1176 752 1179 757; x_wconf 84' lang='grc'><strong>“</strong></span> 
     </span>
     <span class='ocr_line' id='line_1_6' title="bbox 267 854 1193 943; baseline 0.002 -27"><span class='ocrx_word' id='word_1_29' title='bbox 267 856 375 936; x_wconf 83' lang='lat' dir='ltr'>Nihil,</span> <span class='ocrx_word' id='word_1_30' title='bbox 405 864 555 937; x_wconf 85' lang='lat' dir='ltr'>quantum</span> <span class='ocrx_word' id='word_1_31' title='bbox 584 857 750 935; x_wconf 87' lang='lat' dir='ltr'>hucusque</span> <span class='ocrx_word' id='word_1_32' title='bbox 779 855 921 935; x_wconf 80' lang='lat' dir='ltr'>seimus,</span> <span class='ocrx_word' id='word_1_33' title='bbox 964 855 1005 916; x_wconf 88' lang='lat' dir='ltr'>de</span> <span class='ocrx_word' id='word_1_34' title='bbox 1038 854 1193 943; x_wconf 78' lang='lat' dir='ltr'>Indorum·</span> 
     </span>
     <span class='ocr_line' id='line_1_7' title="bbox 185 946 1229 1046; baseline 0.004 -24"><span class='ocrx_word' id='word_1_35' title='bbox 185 961 384 1042; x_wconf 84' lang='lat' dir='ltr'>philosophia</span> <span class='ocrx_word' id='word_1_36' title='bbox 405 961 532 1024; x_wconf 86' lang='lat' dir='ltr'>tradunt</span> <span class='ocrx_word' id='word_1_37' title='bbox 552 964 691 1045; x_wconf 81' lang='lat' dir='ltr'>Arabes,</span> <span class='ocrx_word' id='word_1_38' title='bbox 714 962 797 1043; x_wconf 91' lang='lat' dir='ltr'>quod</span> <span class='ocrx_word' id='word_1_39' title='bbox 819 981 857 1022; x_wconf 90' lang='lat' dir='ltr'>eo</span> <span class='ocrx_word' id='word_1_40' title='bbox 874 962 979 1046; x_wconf 83' lang='lat' dir='ltr'>magis</span> <span class='ocrx_word' id='word_1_41' title='bbox 995 964 1111 1033; x_wconf 83' lang='lat' dir='ltr'>mirum</span> <span class='ocrx_word' id='word_1_42' title='bbox 1126 946 1187 1045; x_wconf 71' lang='lat' dir='ltr'>etii,</span> <span class='ocrx_word' id='word_1_43' title='bbox 1227 1002 1229 1043; x_wconf 68' lang='grc' dir='ltr'>ς</span> 
     </span>
     <span class='ocr_line' id='line_1_8' title="bbox 186 1048 1229 1152; baseline 0.002 -22"><span class='ocrx_word' id='word_1_44' title='bbox 186 1089 282 1152; x_wconf 90' lang='lat' dir='ltr'>quum</span> <span class='ocrx_word' id='word_1_45' title='bbox 303 1071 334 1131; x_wconf 89' lang='lat' dir='ltr'>in</span> <span class='ocrx_word' id='word_1_46' title='bbox 355 1071 495 1151; x_wconf 87' lang='lat' dir='ltr'>ipsorum</span> <span class='ocrx_word' id='word_1_47' title='bbox 517 1071 679 1151; x_wconf 85' lang='lat' dir='ltr'>theologia</span> <span class='ocrx_word' id='word_1_48' title='bbox 707 1070 879 1132; x_wconf 80' lang='lat' dir='ltr'><strong>maximam</strong></span> <span class='ocrx_word' id='word_1_49' title='bbox 909 1072 1092 1132; x_wconf 85' lang='lat' dir='ltr'>exercuerit</span> <span class='ocrx_word' id='word_1_50' title='bbox 1116 1068 1187 1131; x_wconf 81' lang='lat' dir='ltr'>vim.</span> <span class='ocrx_word' id='word_1_51' title='bbox 1226 1048 1229 1073; x_wconf 63' lang='lat'>⁸</span> 
     </span>
     <span class='ocr_line' id='line_1_9' title="bbox 185 1162 1185 1258; baseline -0.001 -20"><span class='ocrx_word' id='word_1_52' title='bbox 185 1168 454 1258; x_wconf 73' lang='lat' dir='ltr'>Doctrind&#39;enim,</span> <span class='ocrx_word' id='word_1_53' title='bbox 478 1196 542 1258; x_wconf 91' lang='lat' dir='ltr'>qua</span> <span class='ocrx_word' id='word_1_54' title='bbox 563 1196 641 1256; x_wconf 90' lang='lat' dir='ltr'>prae</span> <span class='ocrx_word' id='word_1_55' title='bbox 661 1176 778 1237; x_wconf 86' lang='lat' dir='ltr'>ceteris</span> <span class='ocrx_word' id='word_1_56' title='bbox 803 1175 955 1237; x_wconf 83' lang='lat' dir='ltr'>effectum</span> <span class='ocrx_word' id='word_1_57' title='bbox 978 1184 1047 1256; x_wconf 83' lang='lat' dir='ltr'>est,</span> <span class='ocrx_word' id='word_1_58' title='bbox 1079 1182 1116 1237; x_wconf 85' lang='lat' dir='ltr'>ut</span> <span class='ocrx_word' id='word_1_59' title='bbox 1133 1162 1185 1237; x_wconf 75' lang='lat' dir='ltr'>la-</span> 
     </span>
     <span class='ocr_line' id='line_1_10' title="bbox 184 1268 1186 1365; baseline -0.004 -18"><span class='ocrx_word' id='word_1_60' title='bbox 184 1285 347 1347; x_wconf 77' lang='lat' dir='ltr'>ldmismus</span> <span class='ocrx_word' id='word_1_61' title='bbox 368 1304 484 1345; x_wconf 87' lang='lat' dir='ltr'>revera</span> <span class='ocrx_word' id='word_1_62' title='bbox 505 1292 613 1345; x_wconf 82' lang='lat' dir='ltr'>arctos</span> <span class='ocrx_word' id='word_1_63' title='bbox 634 1281 728 1365; x_wconf 81' lang='lat' dir='ltr'>fines,</span> <span class='ocrx_word' id='word_1_64' title='bbox 750 1283 809 1344; x_wconf 84' lang='lat' dir='ltr'>sibi</span> <span class='ocrx_word' id='word_1_65' title='bbox 832 1282 872 1344; x_wconf 93' lang='lat' dir='ltr'>ab</span> <span class='ocrx_word' id='word_1_66' title='bbox 901 1290 1038 1343; x_wconf 82' lang='lat' dir='ltr'>auctore</span> <span class='ocrx_word' id='word_1_67' title='bbox 1065 1268 1186 1343; x_wconf 42' lang='lat' dir='ltr'>eonati-¹</span> 
     </span>
     <span class='ocr_line' id='line_1_11' title="bbox 186 1389 1187 1474; baseline -0.003 -20"><span class='ocrx_word' id='word_1_68' title='bbox 186 1401 286 1474; x_wconf 73' lang='lat' dir='ltr'>tutoS,</span> <span class='ocrx_word' id='word_1_69' title='bbox 309 1390 515 1473; x_wconf 79' lang='lat' dir='ltr'><strong>egrederetur</strong></span> <span class='ocrx_word' id='word_1_70' title='bbox 537 1399 570 1451; x_wconf 91' lang='lat' dir='ltr'>et</span> <span class='ocrx_word' id='word_1_71' title='bbox 591 1389 632 1452; x_wconf 91' lang='lat' dir='ltr'>ad</span> <span class='ocrx_word' id='word_1_72' title='bbox 653 1390 797 1453; x_wconf 81' lang='lat' dir='ltr'>altiorem</span> <span class='ocrx_word' id='word_1_73' title='bbox 812 1390 970 1471; x_wconf 90' lang='lat' dir='ltr'>quandam</span> <span class='ocrx_word' id='word_1_74' title='bbox 985 1389 1187 1471; x_wconf 70' lang='lat' dir='ltr'>cogitationis</span> 
     </span>
     <span class='ocr_line' id='line_1_12' title="bbox 186 1490 1186 1584; baseline 0.003 -29"><span class='ocrx_word' id='word_1_75' title='bbox 186 1497 358 1577; x_wconf 80' lang='lat' dir='ltr'>religiosae</span> <span class='ocrx_word' id='word_1_76' title='bbox 379 1494 588 1557; x_wconf 83' lang='lat' dir='ltr'>conditionem</span> <span class='ocrx_word' id='word_1_77' title='bbox 609 1502 642 1557; x_wconf 80' lang='lat' dir='ltr'>et</span> <span class='ocrx_word' id='word_1_78' title='bbox 656 1492 789 1577; x_wconf 91' lang='lat' dir='ltr'>gradum</span> <span class='ocrx_word' id='word_1_79' title='bbox 806 1494 982 1576; x_wconf 79' lang='lat' dir='ltr'>efferretur,</span> <span class='ocrx_word' id='word_1_80' title='bbox 1005 1490 1186 1584; x_wconf 57' lang='lat' dir='ltr'>§nunnoni</span> 
     </span>
     <span class='ocr_line' id='line_1_13' title="bbox 187 1603 1187 1686; baseline 0 -20"><span class='ocrx_word' id='word_1_81' title='bbox 187 1603 269 1680; x_wconf 87' lang='lat' dir='ltr'>dico,</span> <span class='ocrx_word' id='word_1_82' title='bbox 291 1625 343 1686; x_wconf 86' lang='lat' dir='ltr'>ea,</span> <span class='ocrx_word' id='word_1_83' title='bbox 366 1623 547 1685; x_wconf 89' lang='lat' dir='ltr'>quanquam</span> <span class='ocrx_word' id='word_1_84' title='bbox 571 1605 609 1666; x_wconf 89' lang='lat' dir='ltr'>ab</span> <span class='ocrx_word' id='word_1_85' title='bbox 638 1605 798 1666; x_wconf 84' lang='lat' dir='ltr'>Arabibus</span> <span class='ocrx_word' id='word_1_86' title='bbox 826 1605 1003 1666; x_wconf 84' lang='lat' dir='ltr'>seeundum</span> <span class='ocrx_word' id='word_1_87' title='bbox 1029 1606 1187 1685; x_wconf 84' lang='lat' dir='ltr'>propriam</span> 
     </span>
     <span class='ocr_line' id='line_1_14' title="bbox 185 1709 1188 1799; baseline 0.001 -27"><span class='ocrx_word' id='word_1_88' title='bbox 185 1712 326 1792; x_wconf 84' lang='lat' dir='ltr'>ipsorum</span> <span class='ocrx_word' id='word_1_89' title='bbox 347 1721 486 1774; x_wconf 87' lang='lat' dir='ltr'>merrtem</span> <span class='ocrx_word' id='word_1_90' title='bbox 509 1720 541 1772; x_wconf 88' lang='lat' dir='ltr'>et</span> <span class='ocrx_word' id='word_1_91' title='bbox 562 1712 721 1792; x_wconf 83' lang='lat' dir='ltr'>ingenium</span> <span class='ocrx_word' id='word_1_92' title='bbox 743 1709 898 1790; x_wconf 85' lang='lat' dir='ltr'>producta</span> <span class='ocrx_word' id='word_1_93' title='bbox 919 1719 951 1772; x_wconf 88' lang='lat' dir='ltr'>et</span> <span class='ocrx_word' id='word_1_94' title='bbox 969 1720 1128 1799; x_wconf 78' lang='lat' dir='ltr'>promota,</span> <span class='ocrx_word' id='word_1_95' title='bbox 1148 1730 1188 1773; x_wconf 85' lang='lat' dir='ltr'>ax</span> 
     </span>
     <span class='ocr_line' id='line_1_15' title="bbox 161 1817 1188 1900; baseline -0.002 -19"><span class='ocrx_word' id='word_1_96' title='bbox 161 1822 331 1883; x_wconf 87' lang='lat' dir='ltr'>&#39;Indorum</span> <span class='ocrx_word' id='word_1_97' title='bbox 351 1829 457 1883; x_wconf 86' lang='lat' dir='ltr'>tamen</span> <span class='ocrx_word' id='word_1_98' title='bbox 479 1818 678 1900; x_wconf 89' lang='lat' dir='ltr'>philosophia</span> <span class='ocrx_word' id='word_1_99' title='bbox 700 1827 772 1879; x_wconf 87' lang='lat' dir='ltr'>ete</span> <span class='ocrx_word' id='word_1_100' title='bbox 802 1818 928 1898; x_wconf 84' lang='lat' dir='ltr'>placitis</span> <span class='ocrx_word' id='word_1_101' title='bbox 960 1817 1086 1898; x_wconf 90' lang='lat' dir='ltr'>quidem</span> <span class='ocrx_word' id='word_1_102' title='bbox 1103 1818 1188 1881; x_wconf 85' lang='lat' dir='ltr'>Stur-</span> 
     </span>
     <span class='ocr_line' id='line_1_16' title="bbox 184 1926 1188 2012; baseline -0.001 -22"><span class='ocrx_word' id='word_1_103' title='bbox 184 1930 370 2012; x_wconf 87' lang='lat' dir='ltr'>khyicorum</span> <span class='ocrx_word' id='word_1_104' title='bbox 393 1939 426 1990; x_wconf 87' lang='lat' dir='ltr'>et</span> <span class='ocrx_word' id='word_1_105' title='bbox 454 1929 650 2010; x_wconf 89' lang='lat' dir='ltr'>Yogicorum</span> <span class='ocrx_word' id='word_1_106' title='bbox 681 1927 801 1987; x_wconf 86' lang='lat' dir='ltr'>initium</span> <span class='ocrx_word' id='word_1_107' title='bbox 830 1928 914 2006; x_wconf 88' lang='lat' dir='ltr'>cepit</span> <span class='ocrx_word' id='word_1_108' title='bbox 940 1945 1043 2005; x_wconf 83' lang='lat' dir='ltr'>eaque</span> <span class='ocrx_word' id='word_1_109' title='bbox 1072 1926 1188 2007; x_wconf 72' lang='lat' dir='ltr'>punita</span> 
     </span>
     <span class='ocr_line' id='line_1_17' title="bbox 184 2032 1189 2117; baseline -0.007 -15"><span class='ocrx_word' id='word_1_110' title='bbox 184 2041 266 2102; x_wconf 83' lang='lat' dir='ltr'>satis</span> <span class='ocrx_word' id='word_1_111' title='bbox 294 2039 430 2099; x_wconf 86' lang='lat' dir='ltr'>fideliter</span> <span class='ocrx_word' id='word_1_112' title='bbox 459 2036 681 2117; x_wconf 77' lang='lat' dir='ltr'>conservavit,</span> <span class='ocrx_word' id='word_1_113' title='bbox 714 2032 746 2094; x_wconf 91' lang='lat' dir='ltr'>id</span> <span class='ocrx_word' id='word_1_114' title='bbox 775 2032 861 2115; x_wconf 90' lang='lat' dir='ltr'>quod</span> <span class='ocrx_word' id='word_1_115' title='bbox 899 2053 992 2094; x_wconf 90' lang='lat' dir='ltr'>nemo</span> <span class='ocrx_word' id='word_1_116' title='bbox 1024 2032 1189 2115; x_wconf 77' lang='lat' dir='ltr'>utriusque</span> 
     </span>
     <span class='ocr_line' id='line_1_18' title="bbox 184 2142 1188 2226; baseline -0.003 -18"><span class='ocrx_word' id='word_1_117' title='bbox 184 2146 348 2209; x_wconf 86' lang='lat' dir='ltr'>doctrinae</span> <span class='ocrx_word' id='word_1_118' title='bbox 369 2164 491 2226; x_wconf 87' lang='lat' dir='ltr'>gnarus</span> <span class='ocrx_word' id='word_1_119' title='bbox 513 2145 703 2205; x_wconf 84' lang='lat' dir='ltr'>infitiabitur.</span> <span class='ocrx_word' id='word_1_120' title='bbox 733 2142 806 2219; x_wconf 81' lang='lat' dir='ltr'>Quo</span> <span class='ocrx_word' id='word_1_121' title='bbox 829 2152 973 2222; x_wconf 88' lang='lat' dir='ltr'>tempore</span> <span class='ocrx_word' id='word_1_122' title='bbox 994 2150 1027 2203; x_wconf 89' lang='lat' dir='ltr'>et</span> <span class='ocrx_word' id='word_1_123' title='bbox 1049 2161 1114 2224; x_wconf 81' lang='lat' dir='ltr'>qua</span> <span class='ocrx_word' id='word_1_124' title='bbox 1133 2160 1188 2205; x_wconf 83' lang='lat' dir='ltr'>ra-</span> 
     </span>
     <span class='ocr_line' id='line_1_19' title="bbox 184 2234 1189 2331; baseline -0.003 -17"><span class='ocrx_word' id='word_1_125' title='bbox 184 2254 270 2314; x_wconf 87' lang='lat' dir='ltr'>tione</span> <span class='ocrx_word' id='word_1_126' title='bbox 292 2250 323 2312; x_wconf 92' lang='lat' dir='ltr'>id</span> <span class='ocrx_word' id='word_1_127' title='bbox 344 2252 466 2312; x_wconf 84' lang='lat' dir='ltr'>factum</span> <span class='ocrx_word' id='word_1_128' title='bbox 488 2251 549 2331; x_wconf 79' lang='lat' dir='ltr'>sit,</span> <span class='ocrx_word' id='word_1_129' title='bbox 587 2234 667 2308; x_wconf 81' lang='lat' dir='ltr'>inter</span> <span class='ocrx_word' id='word_1_130' title='bbox 694 2267 747 2309; x_wconf 88' lang='lat' dir='ltr'>rea</span> <span class='ocrx_word' id='word_1_131' title='bbox 769 2257 818 2308; x_wconf 89' lang='lat' dir='ltr'>est</span> <span class='ocrx_word' id='word_1_132' title='bbox 840 2249 1107 2329; x_wconf 72' lang='lat' dir='ltr'>obscurissimae,</span> <span class='ocrx_word' id='word_1_133' title='bbox 1129 2246 1189 2311; x_wconf 80' lang='lat' dir='ltr'>red</span> 
     </span>
     <span class='ocr_line' id='line_1_20' title="bbox 184 2355 1189 2445; baseline -0.005 -24"><span class='ocrx_word' id='word_1_134' title='bbox 184 2358 407 2441; x_wconf 74' lang='lat' dir='ltr'>dignissimae,</span> <span class='ocrx_word' id='word_1_135' title='bbox 438 2377 520 2438; x_wconf 89' lang='lat' dir='ltr'>quae</span> <span class='ocrx_word' id='word_1_136' title='bbox 549 2357 675 2443; x_wconf 86' lang='lat' dir='ltr'>penitus</span> <span class='ocrx_word' id='word_1_137' title='bbox 710 2355 908 2437; x_wconf 85' lang='lat' dir='ltr'>indagentur.</span> <span class='ocrx_word' id='word_1_138' title='bbox 952 2358 1052 2420; x_wconf 84' lang='lat' dir='ltr'>Certe</span> <span class='ocrx_word' id='word_1_139' title='bbox 1080 2364 1189 2445; x_wconf 67' lang='lat' dir='ltr'>tagrren</span> 
     </span>
     <span class='ocr_line' id='line_1_21' title="bbox 184 2464 1189 2549; baseline -0.001 -19"><span class='ocrx_word' id='word_1_140' title='bbox 184 2490 226 2530; x_wconf 89' lang='lat' dir='ltr'>ex</span> <span class='ocrx_word' id='word_1_141' title='bbox 248 2478 338 2549; x_wconf 87' lang='lat' dir='ltr'>parte</span> <span class='ocrx_word' id='word_1_142' title='bbox 359 2468 441 2528; x_wconf 90' lang='lat' dir='ltr'>iilius</span> <span class='ocrx_word' id='word_1_143' title='bbox 464 2464 682 2546; x_wconf 89' lang='lat' dir='ltr'>philosonhiae</span> <span class='ocrx_word' id='word_1_144' title='bbox 703 2465 819 2545; x_wconf 88' lang='lat' dir='ltr'>placita</span> <span class='ocrx_word' id='word_1_145' title='bbox 847 2467 909 2526; x_wconf 89' lang='lat' dir='ltr'>iam</span> <span class='ocrx_word' id='word_1_146' title='bbox 937 2474 1011 2527; x_wconf 81' lang='lat' dir='ltr'>ante</span> <span class='ocrx_word' id='word_1_147' title='bbox 1031 2464 1189 2529; x_wconf 77' lang='lat' dir='ltr'>Multam·</span> 
     </span>
     <span class='ocr_line' id='line_1_22' title="bbox 183 2576 1189 2656; baseline -0.004 -17"><span class='ocrx_word' id='word_1_148' title='bbox 183 2578 284 2639; x_wconf 83' lang='lat' dir='ltr'>medis</span> <span class='ocrx_word' id='word_1_149' title='bbox 306 2586 433 2656; x_wconf 87' lang='lat' dir='ltr'>tempus</span> <span class='ocrx_word' id='word_1_150' title='bbox 457 2576 488 2636; x_wconf 93' lang='lat' dir='ltr'>in</span> <span class='ocrx_word' id='word_1_151' title='bbox 517 2576 631 2637; x_wconf 82' lang='lat' dir='ltr'><strong>Asiam</strong></span> <span class='ocrx_word' id='word_1_152' title='bbox 659 2576 847 2636; x_wconf 88' lang='lat' dir='ltr'>anteriorem</span> <span class='ocrx_word' id='word_1_153' title='bbox 876 2582 1056 2655; x_wconf 83' lang='lat' dir='ltr'>propagata</span> <span class='ocrx_word' id='word_1_154' title='bbox 1085 2580 1189 2655; x_wconf 78' lang='lat' dir='ltr'>erant,</span> 
     </span>
     <span class='ocr_line' id='line_1_23' title="bbox 183 2679 1171 2767; baseline -0.007 -20"><span class='ocrx_word' id='word_1_155' title='bbox 183 2695 219 2747; x_wconf 91' lang='lat' dir='ltr'>ut</span> <span class='ocrx_word' id='word_1_156' title='bbox 240 2705 280 2747; x_wconf 87' lang='lat' dir='ltr'>ex</span> <span class='ocrx_word' id='word_1_157' title='bbox 296 2687 512 2767; x_wconf 77' lang='lat' dir='ltr'>gnosticorum</span> <span class='ocrx_word' id='word_1_158' title='bbox 536 2700 661 2762; x_wconf 88' lang='lat' dir='ltr'>quoque</span> <span class='ocrx_word' id='word_1_159' title='bbox 681 2681 814 2741; x_wconf 84' lang='lat' dir='ltr'>historia</span> <span class='ocrx_word' id='word_1_160' title='bbox 836 2679 961 2741; x_wconf 87' lang='lat' dir='ltr'>ostendi</span> <span class='ocrx_word' id='word_1_161' title='bbox 981 2684 1105 2759; x_wconf 74' lang='lat' dir='ltr'>potest.</span> <span class='ocrx_word' id='word_1_162' title='bbox 1167 2752 1171 2757; x_wconf 27' lang='grc' dir='ltr'>Ι</span> 
     </span>
     <span class='ocr_line' id='line_1_24' title="bbox 264 2786 1189 2871; baseline -0.005 -15"><span class='ocrx_word' id='word_1_163' title='bbox 264 2796 364 2857; x_wconf 89' lang='lat' dir='ltr'>Plura</span> <span class='ocrx_word' id='word_1_164' title='bbox 384 2793 424 2854; x_wconf 93' lang='lat' dir='ltr'>de</span> <span class='ocrx_word' id='word_1_165' title='bbox 444 2791 594 2852; x_wconf 91' lang='lat' dir='ltr'>Indorum</span> <span class='ocrx_word' id='word_1_166' title='bbox 616 2790 768 2871; x_wconf 87' lang='lat' dir='ltr'>religione</span> <span class='ocrx_word' id='word_1_167' title='bbox 790 2790 918 2850; x_wconf 86' lang='lat' dir='ltr'><strong>Arabes</strong></span> <span class='ocrx_word' id='word_1_168' title='bbox 940 2796 1107 2869; x_wconf 81' lang='lat' dir='ltr'>comperta</span> <span class='ocrx_word' id='word_1_169' title='bbox 1124 2786 1189 2851; x_wconf 81' lang='lat' dir='ltr'>ha-</span> 
     </span>
     <span class='ocr_line' id='line_1_25' title="bbox 183 2895 1211 2983; baseline -0.003 -20"><span class='ocrx_word' id='word_1_170' title='bbox 183 2903 312 2983; x_wconf 82' lang='lat' dir='ltr'>bebant,</span> <span class='ocrx_word' id='word_1_171' title='bbox 329 2919 432 2980; x_wconf 87' lang='lat' dir='ltr'>neque</span> <span class='ocrx_word' id='word_1_172' title='bbox 456 2909 561 2960; x_wconf 88' lang='lat' dir='ltr'>tamen</span> <span class='ocrx_word' id='word_1_173' title='bbox 582 2917 623 2958; x_wconf 86' lang='lat' dir='ltr'>ea</span> <span class='ocrx_word' id='word_1_174' title='bbox 644 2898 725 2957; x_wconf 91' lang='lat' dir='ltr'>bene</span> <span class='ocrx_word' id='word_1_175' title='bbox 747 2895 881 2977; x_wconf 85' lang='lat' dir='ltr'>digesta.</span> <span class='ocrx_word' id='word_1_176' title='bbox 923 2897 957 2956; x_wconf 95' lang='lat' dir='ltr'>N</span> <span class='ocrx_word' id='word_1_177' title='bbox 960 2904 1046 2959; x_wconf 87' lang='lat' dir='ltr'>otum</span> <span class='ocrx_word' id='word_1_178' title='bbox 1077 2904 1130 2959; x_wconf 77' lang='lat' dir='ltr'>nat</span> <span class='ocrx_word' id='word_1_179' title='bbox 1156 2905 1211 2961; x_wconf 82' lang='lat' dir='ltr'>et.</span> 
     </span>
     <span class='ocr_line' id='line_1_26' title="bbox 184 3002 1189 3086; baseline -0.003 -16"><span class='ocrx_word' id='word_1_180' title='bbox 184 3010 280 3070; x_wconf 82' lang='lat' dir='ltr'>etiam</span> <span class='ocrx_word' id='word_1_181' title='bbox 301 3009 340 3069; x_wconf 91' lang='lat' dir='ltr'>ab</span> <span class='ocrx_word' id='word_1_182' title='bbox 360 3006 519 3067; x_wconf 85' lang='lat' dir='ltr'>hodiernis</span> <span class='ocrx_word' id='word_1_183' title='bbox 540 3003 833 3086; x_wconf 82' lang='lat' dir='ltr'>peregrinatoribus</span> <span class='ocrx_word' id='word_1_184' title='bbox 855 3004 1073 3084; x_wconf 85' lang='lat' dir='ltr'>confirmatur,</span> <span class='ocrx_word' id='word_1_185' title='bbox 1095 3002 1189 3067; x_wconf 74' lang='lat' dir='ltr'><strong>Ara·</strong></span> 
     </span>
     <span class='ocr_line' id='line_1_27' title="bbox 184 3111 1191 3195; baseline -0.003 -19"><span class='ocrx_word' id='word_1_186' title='bbox 184 3116 242 3176; x_wconf 75' lang='lat' dir='ltr'>ber</span> <span class='ocrx_word' id='word_1_187' title='bbox 262 3115 362 3195; x_wconf 89' lang='lat' dir='ltr'>vulgo</span> <span class='ocrx_word' id='word_1_188' title='bbox 387 3113 427 3173; x_wconf 94' lang='lat' dir='ltr'>de</span> <span class='ocrx_word' id='word_1_189' title='bbox 449 3113 569 3172; x_wconf 85' lang='lat' dir='ltr'>exteris</span> <span class='ocrx_word' id='word_1_190' title='bbox 592 3111 717 3190; x_wconf 87' lang='lat' dir='ltr'>populis</span> <span class='ocrx_word' id='word_1_191' title='bbox 745 3112 789 3171; x_wconf 91' lang='lat' dir='ltr'>nil</span> <span class='ocrx_word' id='word_1_192' title='bbox 814 3113 920 3193; x_wconf 86' lang='lat' dir='ltr'>magis</span> <span class='ocrx_word' id='word_1_193' title='bbox 943 3128 1067 3190; x_wconf 83' lang='lat' dir='ltr'>aurare,</span> <span class='ocrx_word' id='word_1_194' title='bbox 1091 3128 1191 3191; x_wconf 85' lang='lat' dir='ltr'>quam</span> 
     </span>
     <span class='ocr_line' id='line_1_28' title="bbox 184 3216 1191 3303; baseline -0.002 -20"><span class='ocrx_word' id='word_1_195' title='bbox 184 3222 303 3303; x_wconf 80' lang='lat' dir='ltr'>placita</span> <span class='ocrx_word' id='word_1_196' title='bbox 332 3237 442 3280; x_wconf 84' lang='lat' dir='ltr'>eorum</span> <span class='ocrx_word' id='word_1_197' title='bbox 468 3218 629 3298; x_wconf 82' lang='lat' dir='ltr'>religiosa.</span> <span class='ocrx_word' id='word_1_198' title='bbox 670 3220 782 3299; x_wconf 90' lang='lat' dir='ltr'>ltaque</span> <span class='ocrx_word' id='word_1_199' title='bbox 813 3219 932 3279; x_wconf 86' lang='lat' dir='ltr'>multos</span> <span class='ocrx_word' id='word_1_200' title='bbox 963 3216 1006 3278; x_wconf 88' lang='lat' dir='ltr'>de</span> <span class='ocrx_word' id='word_1_201' title='bbox 1036 3216 1191 3281; x_wconf 87' lang='lat' dir='ltr'>Indorum</span> 
     </span>
    </p>
   </div>
   <div class='ocr_carea' id='block_1_3' title="bbox 183 3397 417 3414">
    <p class='ocr_par' dir='ltr' id='par_1_3' title="bbox 183 3397 417 3414">
     <span class='ocr_line' id='line_1_29' title="bbox 183 3397 417 3414; baseline -0.017 0"><span class='ocrx_word' id='word_1_202' title='bbox 183 3397 417 3414; x_wconf 45' lang='grc' dir='ltr'><strong>μ</strong></span> 
     </span>
    </p>
   </div>
   <div class='ocr_carea' id='block_1_4' title="bbox 186 3486 1189 3831">
    <p class='ocr_par' dir='ltr' id='par_1_4' title="bbox 249 3486 1189 3649">
     <span class='ocr_line' id='line_1_30' title="bbox 252 3486 1189 3556; baseline -0.006 -11"><span class='ocrx_word' id='word_1_203' title='bbox 252 3491 428 3556; x_wconf 73' lang='lat' dir='ltr'>concerniuq</span> <span class='ocrx_word' id='word_1_204' title='bbox 446 3493 491 3541; x_wconf 79' lang='lat' dir='ltr'>tie</span> <span class='ocrx_word' id='word_1_205' title='bbox 508 3490 673 3555; x_wconf 74' lang='lat' dir='ltr'>processioa</span> <span class='ocrx_word' id='word_1_206' title='bbox 692 3489 728 3552; x_wconf 80' lang='lat' dir='ltr'>uf</span> <span class='ocrx_word' id='word_1_207' title='bbox 742 3488 787 3537; x_wconf 79' lang='lat' dir='ltr'>tire</span> <span class='ocrx_word' id='word_1_208' title='bbox 804 3487 959 3552; x_wconf 75' lang='lat' dir='ltr'>equinooeea</span> <span class='ocrx_word' id='word_1_209' title='bbox 980 3486 1043 3538; x_wconf 84' lang='lat' dir='ltr'>ibid.</span> <span class='ocrx_word' id='word_1_210' title='bbox 1070 3498 1099 3549; x_wconf 73' lang='grc' dir='ltr'>ιι.</span> <span class='ocrx_word' id='word_1_211' title='bbox 1124 3486 1189 3539; x_wconf 76' lang='lat'>874.</span> 
     </span>
     <span class='ocr_line' id='line_1_31' title="bbox 249 3581 739 3649; baseline -0.018 -14"><span class='ocrx_word' id='word_1_212' title='bbox 249 3600 305 3649; x_wconf 83' lang='lat' dir='ltr'><strong>sqq.</strong></span> <span class='ocrx_word' id='word_1_213' title='bbox 324 3587 365 3635; x_wconf 86' lang='lat' dir='ltr'>irio</span> <span class='ocrx_word' id='word_1_214' title='bbox 382 3584 488 3634; x_wconf 87' lang='lat' dir='ltr'>omnino</span> <span class='ocrx_word' id='word_1_215' title='bbox 507 3586 549 3631; x_wconf 81' lang='lat' dir='ltr'>est</span> <span class='ocrx_word' id='word_1_216' title='bbox 566 3581 739 3631; x_wconf 79' lang='lat' dir='ltr'>eonferenda.</span> 
     </span>
    </p>

    <p class='ocr_par' dir='ltr' id='par_1_5' title="bbox 202 3668 802 3742">
     <span class='ocr_line' id='line_1_32' title="bbox 202 3668 802 3742; baseline -0.017 -14"><span class='ocrx_word' id='word_1_217' title='bbox 202 3674 232 3742; x_wconf 84' lang='lat'>1)</span> <span class='ocrx_word' id='word_1_218' title='bbox 249 3678 358 3728; x_wconf 80' lang='lat' dir='ltr'>Herbei.</span> <span class='ocrx_word' id='word_1_219' title='bbox 376 3691 400 3728; x_wconf 88' lang='lat' dir='ltr'>s.</span> <span class='ocrx_word' id='word_1_220' title='bbox 418 3690 444 3724; x_wconf 89' lang='lat' dir='ltr'>v.</span> <span class='ocrx_word' id='word_1_221' title='bbox 462 3674 549 3723; x_wconf 79' lang='lat' dir='ltr'>Ketab</span> <span class='ocrx_word' id='word_1_222' title='bbox 567 3673 594 3721; x_wconf 86' lang='lat' dir='ltr'>al</span> <span class='ocrx_word' id='word_1_223' title='bbox 611 3668 802 3720; x_wconf 83' lang='lat' dir='ltr'>Motevairiral.</span> 
     </span>
    </p>

    <p class='ocr_par' dir='ltr' id='par_1_6' title="bbox 186 3756 1189 3839">
     <span class='ocr_line' id='line_1_33' title="bbox 186 3756 1189 3831; baseline -0.008 -14"><span class='ocrx_word' id='word_1_224' title='bbox 186 3768 234 3826; x_wconf 70' lang='lat' dir='ltr'>a)</span> <span class='ocrx_word' id='word_1_225' title='bbox 251 3779 293 3831; x_wconf 82' lang='lat' dir='ltr'>ap.</span> <span class='ocrx_word' id='word_1_226' title='bbox 312 3766 442 3819; x_wconf 80' lang='lat' dir='ltr'>Casiriunr</span> <span class='ocrx_word' id='word_1_227' title='bbox 458 3766 482 3827; x_wconf 88' lang='lat'>1,</span> <span class='ocrx_word' id='word_1_228' title='bbox 500 3763 562 3815; x_wconf 69' lang='lat'>525.</span> <span class='ocrx_word' id='word_1_229' title='bbox 628 3762 659 3817; x_wconf 76' lang='lat'>8)</span> <span class='ocrx_word' id='word_1_230' title='bbox 677 3773 703 3821; x_wconf 79' lang='lat' dir='ltr'>p.</span> <span class='ocrx_word' id='word_1_231' title='bbox 722 3756 783 3811; x_wconf 70' lang='lat'>172.</span> <span class='ocrx_word' id='word_1_232' title='bbox 800 3756 915 3809; x_wconf 77' lang='lat' dir='ltr'>li&#39;leiseir.</span> <span class='ocrx_word' id='word_1_233' title='bbox 980 3756 1013 3821; x_wconf 84' lang='lat'>4)</span> <span class='ocrx_word' id='word_1_234' title='bbox 1030 3756 1104 3809; x_wconf 70' lang='lat' dir='ltr'>lana</span> <span class='ocrx_word' id='word_1_235' title='bbox 1118 3758 1189 3821; x_wconf 65' lang='lat' dir='ltr'>[ae.</span> 
     </span>
    </p>
   </div>
   <div class='ocr_carea' id='block_1_5' title="bbox 0 0 1243 4500">
    <p class='ocr_par' dir='ltr' id='par_1_7' title="bbox 0 0 1243 4500">
     <span class='ocr_line' id='line_1_34' title="bbox 0 0 1243 4500; baseline 0 0"><span class='ocrx_word' id='word_1_236' title='bbox 0 0 1243 4500; x_wconf 95' lang='lat' dir='ltr'> </span> 
     </span>
    </p>
   </div>
  </div>
 </body>
</html>
