2474 4500
215 482 318 546 medio
338 486 370 546 in
391 486 508 566 templo
529 493 613 570 stat,
642 482 701 547 sed
725 500 829 564 neque
849 481 983 562 pedibus
1003 488 1113 545 terrae
1133 480 1221 543 inni-

207 614 291 656 ·xum
317 613 424 677 neque
443 596 511 657 loro
525 595 665 677 quodam
677 613 818 675 superne
827 610 1020 674 suspensum
1036 600 1098 653 est,
1121 588 1221 669 Quae

215 722 269 765 res
298 705 385 767 Indis
416 705 616 767 vernationi
649 711 736 783 orat3
770 702 829 765 sed
863 702 961 763 etiam
996 700 1114 780 eoique
1147 700 1224 763 siva

215 810 367 872 Muslimo
387 810 460 871 sive
480 810 614 895 infideli,
643 810 697 890 qui
717 807 792 872 illud
814 808 847 869 in
869 826 945 869 aere
964 805 1110 887 pendens
1137 806 1224 869 eon·

215 917 390 999 stridebat,
437 918 517 979 mira
548 918 727 980 videbatur.
770 915 837 977 lndi
871 914 935 977 hue
959 914 1226 996 peregrinentur-3

219 1025 335 1104 quavis
364 1033 460 1087 noete
488 1025 615 1107 eolipsis
636 1025 708 1106 plus
733 1042 829 1104 quam
850 1030 976 1083 eentum
997 1021 1092 1083 millia
1113 1019 1226 1083 bomi-

220 1148 296 1191 num
326 1130 369 1191 ibi
403 1138 603 1212 congregata
631 1136 716 1191 sunt.
766 1127 949 1190 Credebant
975 1123 1064 1207 Indi,
1095 1124 1227 1187 animos

169 1230 405 1317 bdeorporibus
435 1236 552 1297 reliotis
587 1255 625 1297 eo
653 1234 827 1296 eonvenite
857 1240 889 1295 et
917 1252 938 1295 a
973 1231 1101 1299 deon
1137 1230 1228 1295 aliud

216 1342 379 1424 quodlibet
406 1343 585 1416 transferri,
619 1339 793 1403 seeundum
815 1339 991 1403 doctrinam
1011 1356 1142 1423 eorum,
1167 1338 1227 1419 'qui

216 1450 394 1511 animorum
416 1450 636 1529 migrationem
663 1446 797 1527 dooent3
824 1452 991 1526 praeterea
1010 1458 1099 1507 mare
1121 1460 1229 1507 aeae·

217 1554 321 1615 dendo
343 1563 375 1616 et
397 1552 575 1614 recedendo
596 1552 714 1615 idolum
733 1554 879 1613 venerari
900 1552 1062 1632 potabant.
1097 1550 1227 1615 Omnes

215 1676 271 1721 ros
281 1662 441 1741 pretiosas
451 1678 507 1739 pro
522 1658 604 1721 douo
619 1658 796 1721 afferebant
810 1666 843 1721 et
854 1658 977 1720 reditus
992 1677 1012 1719 e
1031 1660 1102 1741 plns
1124 1676 1224 1741 qnam

116 1846 120 1855 Ι
216 1764 331 1827 deeern
357 1766 492 1827 millibus
528 1766 674 1827 vinorum
711 1774 815 1827 statos
844 1766 1047 1827 simulacrum
1071 1764 1227 1829 habebnt.

218 1872 349 1935 Habent
369 1872 498 1936 fluvium
507 1917 519 1954 ‚
542 1891 637 1953 quem
659 1880 870 1953 venerantur,
893 1870 1051 1933 ducentas
1062 1888 1227 1951 param

218 1996 282 2063 gas
302 1998 323 2041 a
343 1976 503 2044 Sitmanbt
523 1989 699 2060 remotum,
741 1978 824 2041 undo
845 1978 984 2059 quotidie
1004 1996 1090 2060 aqua
1111 1976 1156 2043 ad
1174 1980 1227 2045 ln·

218 2072 359 2149 v'andam
382 2083 508 2149 domum
529 2087 730 2148 afferebatur.
767 2088 837 2149 Sex
858 2087 953 2148 millia
973 2086 1224 2149 animandum

184 2240 189 2247 .
219 2194 289 2257 eius
309 2196 481 2258 ministerio
504 2205 536 2257 et
557 2213 654 2256 aurae
675 2193 910 2256 advenientium
933 2193 1095 2257 destinata
1116 2202 1224 2275 erant3

220 2302 414 2384 quingentae
442 2301 574 2362 ancillae
601 2302 632 2361 in
659 2301 776 2380 templo
803 2300 962 2362 canebant
988 2306 1024 2361 et
1051 2298 1223 2383 saltabant.

220 2410 265 2471 Hi
289 2428 401 2472 omnes
430 2430 472 2471 ex
499 2408 574 2471 idoli
593 2408 747 2470 reditibus
767 2406 1014 2469 sustinebantur.
1056 2402 1225 2490 Templum

220 2525 328 2579 autem
363 2518 591 2598 quinquaginta
622 2535 683 2577 sex
717 2516 872 2576 columnis
898 2515 1009 2577 fultum
1037 2522 1110 2577 ent
1137 2514 1224 2597 ligno

219 2630 369 2686 tentoriae
384 2626 556 2687 exstructis
572 2632 606 2685 et
619 2623 743 2705 plumbo
760 2623 922 2703 obduotis3
943 2623 1049 2685 fornix
1062 2622 1226 2685 simulacri

221 2731 377 2795 obscurus
405 2732 638 2794 illuminabatur
660 2731 756 2794 radiis
777 2751 924 2813 gemmae
943 2750 1127 2815 supremae,
1141 2728 1226 2813 apud

220 2858 313 2921 quam
325 2849 439 2903 eatena
450 2859 548 2903 aurea
557 2839 754 2921 dependebat
762 2840 967 2903 ducentarum
975 2842 1226 2923 minarumpon-

221 2948 282 3010 dus
297 2950 418 3012 liabens
426 2994 438 3032 ,
450 2968 533 3030 quae
550 2934 871 3030 quavisnoetisparte
884 2950 996 3029 elapsa
1015 2948 1228 3029 motabntnr3¹

221 3057 316 3119 simul
338 3056 543 3118 tintinnabula
565 3057 737 3141 sonabant,
760 3058 852 3151 aliam
875 3058 1128 3119 Brahmanarum
1147 3076 1227 3139 pnr-

223 3170 290 3225 tem
312 3160 352 3223 ad
373 3180 498 3224 sacrum
520 3163 726 3226 ministerium
745 3164 908 3226 vocantia.
952 3164 1087 3227 Sulrhtn
1106 3164 1229 3229 thirt

222 3264 367 3328 aldaulah
395 3265 550 3329 Mabmird
585 3269 647 3329 ben
686 3268 879 3353 Sabulrtigin
908 3278 1077 3349 postquam
1102 3268 1228 3335 tudun

222 3376 369 3459 subegit,
406 3376 556 3458 flagravit
597 3374 700 3436 studio
748 3374 953 3457 expugnandi
998 3371 1228 3461 sunamitem,

222 3503 357 3565 sperans
380 3484 449 3546 sore
475 3494 510 3546 nt
533 3484 629 3546 Indos
651 3483 691 3545 ad
712 3483 862 3546 Islarnum
885 3480 1142 3562 ampleotendum
1162 3482 1229 3545 ad-

245 3688 272 3753 1)
289 3690 364 3738 Haeo
381 3688 523 3749 descriptio
540 3688 707 3737 adverbum
730 3686 898 3738 conveniens
919 3686 1023 3750 legitur
1044 3685 1130 3739 θῆαι
1152 3688 1228 3749 apud

286 3774 474 3827 nlrlrboudurn
496 3775 565 3827 llist.
588 3776 689 3827 liliam.
716 3778 753 3825 76
777 3776 868 3835 Wsslr.
890 3779 1041 3841 Utrunque
1060 3780 1229 3843 πωπω·
