2474 4500
8 469 31 532 'd'
77 477 266 563 llnuyyadae
287 480 490 547 Abdalmalik
511 481 655 561 (65-86
674 480 910 561 :osa-705)
938 498 1055 562 perso-

8 596 22 638 't
73 587 184 649 wdone
204 589 353 671 fugerant
373 598 406 651 et
425 588 457 651 in
479 598 553 651 octo
575 589 786 668 'l'aprobanae
798 591 1054 652 urbibussecura

8 706 10 744 ἑ
66 697 249 759 collocarunt
270 694 458 758 domicilia⁹
481 696 685 780 Emporium,
721 700 815 780 quale
842 696 925 758 liaeo
952 695 1056 757 insula

59 804 237 883 peremnia
262 805 396 866 saecula
423 804 503 885 fuit,
526 806 622 866 etiam
644 805 772 867 Arabos
792 826 855 867 non
870 806 973 885 potuit
992 822 1055 866 uon

58 910 201 993 allicere,
251 929 385 992 quorum
422 911 463 972 ibi
494 912 682 977 morantium
718 930 882 973 numerum
918 911 1056 991 amplum

55 1036 165 1081 omnes
186 1018 260 1080 inde
281 1020 321 1081 ab
340 1018 544 1098 ludopleusta
557 1027 589 1080 et
607 1017 778 1081 Abuzaido
799 1019 976 1099 scriptores
1002 1024 1056 1078 te·

55 1133 189 1187 stanter.
210 1127 311 1188 Plena
332 1126 518 1188 fruebantur
537 1144 700 1188 sacrorum
722 1125 869 1187 libertate
895 1132 993 1207 atque
1011 1125 1057 1185 ita

54 1232 145 1293 mixti
165 1241 260 1293 erant
281 1233 419 1295 omniurn
440 1234 624 1313 religionem
646 1234 810 1314 asseclae,
833 1240 868 1294 ut
894 1250 954 1293 rex
974 1248 1057 1312 qua-

53 1345 128 1399 tuor
148 1358 169 1400 e
187 1343 304 1420 quavis
324 1340 489 1422 religione,
512 1358 604 1401 suam
626 1339 710 1422 dico,
730 1339 955 1418 Christianam,
978 1336 1057 1397 Mu-

53 1444 287 1511 lrammedicam
310 1455 343 1508 ct
367 1447 540 1529 Iudaicam,
573 1445 705 1507 veziros
726 1446 879 1507 habuisse
907 1444 1059 1524 perhibe-

54 1559 135 1613 atur.
187 1552 294 1613 Etiam
323 1552 429 1613 media
465 1554 496 1614 in
524 1553 627 1616 insula
661 1554 812 1634 templum
843 1552 1058 1615 muslimicum

53 1667 123 1721 erat
143 1678 244 1739 prope
260 1657 353 1755 ,iffi
373 1660 482 1721 urbem
503 1656 670 1743 regiam.¹⁰
710 1662 844 1723 Praeter
867 1659 1057 1738 reliquorum

52 1756 204 1819 Indorum
236 1777 358 1820 morem
384 1760 507 1821 incolae
534 1760 697 1822 mendicos
718 1759 1063 1821 Mnlrammedanorum.

53 1865 242 1946 religiosos,
265 1866 317 1946 qui
343 1866 435 1947 faqiri
456 1875 626 1948 vocantur,
648 1867 785 1947 lrospitio
801 1865 1004 1944 excipiebant
1025 1870 1059 1923 et

53 1975 162 2055 magni
183 1975 405 2035 aestimabant.
416 1975 434 2011 ¹¹
464 1978 509 2039 L't
528 1976 567 2036 alr
590 1974 707 2036 Indicis
727 1974 919 2054 principibus
940 1973 1058 2051 etiam·
1145 2018 1150 2027 ,

53 2100 129 2143 num
148 2080 220 2143 lieri
243 2083 340 2166 solet,
360 2084 422 2145 iam
444 2093 519 2146 tunc
540 2085 581 2143 ibi
602 2083 746 2144 Muslimi
773 2090 902 2163 propter
928 2079 1058 2141 fortitu-

53 2189 156 2251 dinem
180 2189 325 2251 bellioam
347 2190 387 2250 ad
409 2191 566 2272 stipendia
591 2191 742 2252 merenda
771 2188 930 2271 indigenis
960 2204 1059 2268 prae-

31 2292 281 2359 ·lerebautur.¹²
306 2297 470 2378 Accessit,
498 2297 730 2378 quodpropter
760 2294 903 2376 regionis
931 2311 1059 2374 quoquo

52 2406 279 2468 amoenitatem
299 2407 389 2468 multi
415 2407 457 2468 ibi
485 2426 542 2488 per
569 2403 698 2492 aliquod
719 2415 845 2488 tompus
865 2395 1058 2467 viverent.¹³

123 2646 222 2693 aMar
246 2616 351 2704 Sapore
374 2644 401 2692 et
427 2643 490 2689 Mar
522 2639 626 2686 Peroze
659 2635 794 2685 conditam
822 2645 883 2682 esse
912 2630 1060 2695 perhibeat,

122 2736 246 2798 apparet,
263 2733 290 2781 in
302 2732 348 2782 illo
366 2744 478 2781 numero
497 2742 616 2779 errorem
635 2738 695 2775 esse
711 2726 890 2786 commissum,
907 2723 1061 2770 attoriense

123 2829 232 2877 centum
248 2836 337 2873 annos
354 2835 467 2872 numero
485 2821 541 2869 600
558 2831 619 2868 esse
637 2819 782 2866 addendos.
818 2816 859 2863 Ab
881 2817 993 2874 utraque
1014 2810 1063 2858 illa

123 2892 214 2977 differt
236 2927 303 2964 aera
321 2914 532 2964 Cirristianorum
551 2909 577 2957 in
598 2905 759 2967 Malabaria,
783 2916 852 2966 quae
876 2901 966 2966 incipit
988 2910 1061 2948 anno

122 3010 188 3059 8³5.
206 3009 312 3056 Assem.
330 3008 378 3070 111,
395 3005 423 3055 2.
441 3003 506 3054 440.
523 2999 588 3050 cta.

71 3100 104 3157 5)
122 3112 148 3159 p.
168 3099 232 3147 172.
300 3100 330 3154 0)
349 3097 384 3144 ef.
402 3107 484 3156 supra
500 3105 563 3154 pag.
580 3090 618 3139 48
634 3090 689 3140 not.
713 3088 736 3138 1.
804 3085 835 3142 ’7)
854 3099 882 3145 p.
904 3084 966 3133 170.

68 3192 102 3247 8)
123 3187 331 3238 ronssat.182.
366 3183 511 3248 Qozvinius
528 3197 550 3230 s.
572 3195 598 3228 v.
620 3175 724 3244 Sailrin,
743 3175 885 3226 Sarandib.

69 3282 101 3343 a)
121 3282 218 3330 Trans.
234 3283 268 3329 R.
284 3283 333 3330 As.
354 3280 417 3327 Soc.
434 3279 454 3325 1.
472 3274 525 3328 538
540 3273 572 3340 i‘·
591 3272 668 3336 oriae
680 3272 848 3319 Jolmstonns
866 3280 901 3316 ex
919 3276 968 3313 ore
990 3275 1062 3311 rner-

125 3376 249 3421 catorum
266 3370 385 3419 Arabum
403 3366 517 3429 accepit,
535 3366 665 3427 pleraque
682 3363 734 3412 tide
752 3362 833 3423 digna
852 3359 990 3419 videntur,
1014 3353 1065 3402 etsi

123 3465 151 3514 iu
167 3463 293 3527 singulis,
312 3466 341 3511 ut
357 3461 479 3510 locorum
497 3457 656 3519 nominibus,
674 3454 755 3505 ctiam
773 3453 844 3500 salsa
863 3452 976 3498 decursu
994 3449 1065 3493 tem-

124 3555 199 3617 poris
217 3566 249 3602 se
272 3551 472 3601 immiscuerint.
506 3545 583 3610 Quae
608 3548 641 3593 de
664 3543 837 3604 inscriptione
858 3549 940 3599 supra
960 3548 1064 3584 memo-

123 3645 210 3693 randa
226 3642 316 3705 trahet,
335 3652 369 3688 ea
385 3637 467 3698 ipsius
490 3633 667 3695 inscriptionis
685 3630 774 3678 verbis
790 3638 845 3675 non
862 3624 1063 3674 confirmantur.

61 3736 110 3800 10)
129 3734 175 3783 lbn
194 3734 271 3781 Batlr.
290 3730 353 3778 leo.
425 3727 474 3785 11)
492 3728 526 3775 id.
544 3739 569 3785 p,
588 3724 634 3771 43.
701 3720 748 3776 12)
766 3720 804 3766 Μ.
820 3716 920 3766 Paulus
938 3716 984 3779 Ill,
1001 3715 1048 3767 22.

63 3825 112 3890 ta)
130 3826 198 3875 Aac.
215 3821 276 3873 nei.
292 3834 320 3882 p.
339 3819 401 3871 101.
421 3818 483 3868 102.
503 3814 565 3866 101.
583 3811 685 3873 Geogr.
702 3810 737 3859 N.
753 3824 779 3872 p.
799 3806 843 3858 82.
