2474 4500
497 331 539 341 -
579 300 720 363 215-
775 317 778 319 ·

112 506 207 568 quem
230 487 312 547 ultra
332 483 486 545 circulum
507 483 770 565 aequinoctialem
800 485 895 547 situm
925 501 999 545 esse
1025 503 1104 562 per-

112 595 232 675 hibent,
253 591 336 652 uude
356 608 443 651 mare
464 589 495 650 id
524 607 635 653 secum
665 589 737 651 lert.
780 587 876 667 Quod
904 590 1012 651 virens
1043 590 1105 650 ub-

114 713 239 786 ruptum
260 722 281 764 a
306 709 405 763 vento
434 701 465 760 in
492 701 737 779 septentrionem
764 699 944 781 advehitur,
971 697 1105 760 viridum
1142 715 1143 720 ’

113 819 218 874 manet
241 818 274 871 et
294 804 535 868 Kimarimeuse
555 807 742 887 nominatur,
764 814 873 867 contra
887 804 1106 886 quodaridum

113 919 257 999 affertur,
279 925 328 978 est
336 914 562 994 Mandalicum7
585 900 698 994 graue,
722 910 870 993 solidum,
892 900 1106 991 inaquasub-

114 1023 231 1085 sidens.
273 1023 346 1083 Hoc
380 1022 474 1102 longe
503 1020 655 1099 optimum
683 1027 749 1098 est,
792 1020 872 1081 inter
899 1039 1010 1082 omnes
1038 1020 1107 1082 eius

114 1132 250 1212 species.
618 1211 620 1215 ,

195 1224 380 1318 lllecu'nA
402 1235 477 1296 urbs
502 1236 647 1296 omnibus
667 1245 742 1295 nota
763 1236 792 1294 in
806 1233 933 1312 Sindia,
955 1234 1045 1295 bonis
1066 1218 1123 1295 a-‘

113 1348 263 1410 bundans.
305 1348 385 1407 Eam
417 1344 555 1405 condidit
582 1331 759 1424 Abug'afar
779 1341 917 1426 Mancdr
945 1343 1106 1406 sccundus

112 1450 356 1529 Abbasidnrum
381 1458 413 1510 et
433 1450 463 1509 in
486 1469 526 1510 ea
546 1449 701 1527 praefecti
728 1448 839 1510 sedem
869 1450 997 1512 habeut.
1026 1451 1107 1512 Cin-

112 1561 196 1643 gitur
217 1558 347 1620 brachio
369 1559 470 1618 amnis
492 1558 631 1635 Mihrim
652 1559 683 1618 in
706 1559 795 1620 cuius
817 1559 919 1621 medio
947 1560 1032 1621 iacet
1056 1561 1108 1621 in·

112 1670 205 1728 sulae
224 1668 339 1745 instar3
377 1674 515 1727 vexatur
542 1675 647 1729 tamen
675 1677 767 1729 aestu
800 1676 831 1729 et
860 1668 1015 1730 culicibus
1040 1669 1108 1730 fre-

113 1776 289 1856 quentibus
311 1776 383 1834 Duo
405 1775 446 1835 ibi
460 1774 585 1836 fructus
607 1783 691 1856 sunt,
714 1776 764 1855 qui
788 1777 818 1835 in
840 1774 923 1836 nulla
945 1775 1006 1836 alia
1030 1777 1108 1836 urbe

113 1883 326 1960 inveniuntur,
362 1881 487 1942 limonia
514 1881 733 1964 magnitudine
768 1883 850 1942 mala
878 1883 1046 1962 aequantia
1076 1890 1109 1943 et
1157 1936 1167 1944 .

111 1992 247 2072 fructuS,
269 1976 394 2071 ambag'
416 1999 552 2051 vocatus
559 2033 571 2072 7
594 1992 676 2051 malo
698 1991 824 2070 persico
846 1991 966 2052 similis,
1006 1991 1108 2053 Com·
1124 2010 1138 2026 ·’

112 2099 199 2161 muni
241 2115 400 2158 consensu
434 2098 556 2157 incolae
589 2101 746 2177 nunquam
780 2115 910 2158 servum
945 2098 1108 2160 Sindicum

113 2214 224 2269 emunt
245 2206 307 2266 hac
329 2204 369 2264 de
391 2222 509 2264 causa:
543 2204 669 2265 Nobilis
690 2203 859 2283 aliquando
881 2204 961 2264 inter
982 2221 1042 2264 eos
1058 2204 1108 2263 vir
1133 2234 1155 2284 A

113 2311 151 2372 de
173 2319 272 2393 gente
283 2310 448 2372 Muhallibi
465 2330 597 2390 puerum
615 2311 775 2374 Sindicum
790 2312 996 2396 educaverat,
1018 2331 1110 2393 quem
1118 2302 1160 2367 73

112 2429 284 2501 postquam
304 2419 402 2497 puber
428 2418 535 2478 factus
566 2419 627 2480 fuit
657 2420 759 2500 aliquo
789 2420 840 2490 die
868 2420 951 2500 apud
979 2440 1110 2483 uxorem

113 2549 205 2590 suam
228 2527 433 2609 deprehendit
463 2531 679 2589 monstravit.
720 2530 754 2589 Is
782 2528 822 2589 de
851 2529 942 2590 huius
968 2529 1013 2589 rei
1041 2530 1138 2591 iure*

115 2658 186 2700 cum
210 2638 334 2699 domino
355 2645 482 2698 certans
504 2637 587 2697 filios
603 2637 671 2697 eius
687 2636 766 2696 duos
781 2636 950 2716 parvulum
963 2636 1128 2717 alterum,s

115 2748 248 2809 alterum
263 2745 499 2806 adolescentem
509 2743 592 2822 cepit
609 2742 678 2802 etin
690 2760 847 2803 summum
859 2742 970 2803 domus
986 2761 1109 2803 murum
1127 2743 1130 2758 ²

115 2855 195 2930 tulit,
219 2853 302 2914 unde
323 2853 448 2914 domiuo
464 2828 841 2932 *advocatojperDeum
864 2849 974 2930 iuquit,
995 2849 1057 2911 nisi
1077 2857 1109 2909 te

119 3038 356 3052 m·-

100 3166 102 3168 ψ
182 3133 251 3178 hane
268 3131 373 3177 tandem
393 3139 485 3176 vernon
503 3128 644 3176 let-tlonem
663 3138 724 3176 esse
741 3126 830 3175 nullus
852 3125 949 3176 dubito.
985 3123 1110 3175 Ceterum

182 3224 242 3270 cod.
261 3220 339 3270 Gotlr.
358 3220 392 3266 ad
408 3219 518 3266 verbnm
536 3217 668 3266 consentit
685 3230 744 3265 cum
762 3217 803 3280 iis,
822 3230 890 3278 quae
908 3230 942 3266 ex
959 3219 1111 3268 cod.'Var-
1175 3195 1177 3199 Ι

182 3326 272 3374 syano
289 3327 314 3373 p.
331 3311 393 3362 473.
411 3313 539 3370 excerpta
550 3308 686 3375 leguntur.

133 3417 296 3488 micantius
315 3414 626 3504 vastatamseetzen
653 3416 680 3463 iu
704 3416 785 3464 zach.
807 3415 920 3464 Monatl.
943 3415 1022 3464 Gerr.
1050 3417 1115 3478 XX,'

185 3530 238 3581 310
256 3542 290 3578 ex
307 3540 444 3588 anonymo
461 3527 528 3575 libro
539 3523 721 3586 geographico
735 3525 925 3570 commemorat
932 3523 1023 3571 urbem
1030 3500 1111 3572 Man-

184 3621 296 3670 derulrin
312 3621 339 3668 in
356 3619 488 3680 Yamana‚
507 3618 540 3664 de
557 3626 609 3676 (pra
626 3614 720 3660 eadem
738 3617 898 3677 narrantur,
915 3611 963 3660 sed
969 3625 1111 3675 perperam

187 3720 215 3764 ut
234 3716 340 3763 videtur
357 3712 383 3759 in
400 3710 526 3758 Arabiam
544 3705 710 3757 translatam.
744 3704 784 3752 De
808 3701 953 3756 ¹lliabiaslrir
976 3708 1011 3756 ef:
1034 3708 1111 3758 Arte.

186 3828 214 3889 ι,
240 3808 291 3875 lul.
308 3817 446 3868 Herbelot.
462 3829 484 3864 s.
502 3829 529 3868 v.
548 3813 681 3878 sorengcl
698 3813 794 3863 Gesch.
813 3818 860 3865 der
877 3814 934 3870 Bet.
955 3815 979 3878 1,
996 3814 1058 3867 256.
