2474 4500
585 293 793 359 ..34-

192 480 365 561 scripsisse
385 480 512 565 ierunt,
544 480 757 563 quamnadmo
776 498 848 540 erae
867 482 1049 561 amendam,
1083 476 1209 539 ael-iri·

189 584 317 673 Saum,
359 589 421 651 etsi
439 588 567 669 proprie
588 589 681 650 aliam
702 586 877 661 scientiam,
889 592 1027 667 spectet,
1048 586 1120 649 lieri
1135 592 1200 649 ιιι·

189 717 262 761 men
282 717 345 760 noo
365 700 482 781 potuit,
504 698 578 781 quin
599 698 694 759 etiam
714 696 756 760 ad
770 696 984 778 cognitionem
1002 694 1185 759 historicon

190 814 223 867 et
241 806 493 888 geographiam
512 804 738 887 acquirendam
760 804 928 865 conferret.

270 913 409 996 Arabes,
430 912 485 994 qui
494 912 535 975 ab
546 912 765 994 antiquissimo
784 917 936 993 tempore,
951 916 1105 991 quantum
1119 908 1185 971 soi-
1223 988 1230 1011 „

188 1040 273 1104 mus,
292 1022 367 1085 litus
385 1023 522 1085 navibus
544 1020 753 1084 circumvecti
773 1020 995 1083 commercium
1017 1018 1185 1083 curulndis
1226 1042 1230 1125 p

186 1129 344 1214 fecerant,
367 1151 406 1193 eo
426 1132 509 1213 pulsi
529 1143 612 1216 sunt,
634 1139 802 1212 postquam
823 1130 980 1210 llippalus
1002 1128 1117 1191 etesiis
1144 1126 1184 1191 ad

189 1238 409 1301 traiioiendum
440 1259 526 1302 mare
558 1240 771 1322 Erythraeum
800 1239 919 1318 primus
945 1236 1008 1298 frui
1040 1216 1182 1317 docuiti3

185 1347 344 1410 naviculis
371 1347 481 1428 parvis
509 1355 543 1408 et
569 1339 737 1408 sutilibus³
763 1346 825 1427 usi,
855 1364 928 1406 eum
948 1340 1104 1407 aemulari
1123 1364 1184 1407 noo

186 1462 331 1537 potuere,
352 1452 448 1536 unde,
468 1453 554 1535 quod
574 1454 637 1516 iam
657 1463 752 1516 antea
771 1472 869 1535 reges
890 1453 1068 1516 Ptolemaei
1089 1472 1183 1517 sum·

185 1579 317 1641 mopere
338 1559 445 1622 adnixi
467 1568 574 1644 erant,
602 1561 722 1623 factum
754 1569 824 1645 est,
853 1570 888 1623 ut
906 1559 1036 1623 Indicae
1057 1580 1183 1625 merces

184 1666 255 1729 iere
282 1684 393 1736 omnes
424 1687 482 1749 per
509 1660 695 1749 Aegyptum
722 1668 754 1730 in
787 1668 1002 1731 occidentales
1032 1668 1183 1757 regiones

123 1784 126 1789 '
186 1772 431 1857 deducerentur,
452 1783 485 1837 et
505 1786 700 1838 mercatores
721 1784 833 1838 essent
861 1773 979 1839 Graeci
1007 1785 1041 1839 et
1070 1788 1186 1859 postea

185 1885 364 1969 byzantini.
400 1887 466 1965 Ipsi
487 1887 613 1948 Arabes
635 1906 674 1949 eo
696 1895 838 1967 tempore
858 1906 878 1949 a
896 1887 1105 1969 navigatione
1114 1890 1185 1953 l'ere

183 2012 316 2076 prorsus
345 1994 539 2056 abstinuisse
574 2003 606 2056 et
634 2014 654 2057 a
682 1996 872 2078 Byzantinis
896 2013 1021 2059 merces
1054 1996 1185 2061 Indicas

184 2101 352 2182 accepisse
371 2100 524 2164 videntur.
565 2102 671 2164 Etiam
700 2121 796 2184 quum
825 2102 1010 2165 Sassanidis
1038 2102 1071 2167 in
1099 2104 1186 2167 Per·

184 2202 256 2271 side
274 2207 481 2290 regnantibus
501 2215 535 2271 et
547 2209 607 2270 sibi
618 2218 831 2273 mercaturam
838 2210 1186 2279 Indicamvindicarrti-

249 2478 345 2571 widi
370 2480 481 2581 ,nst
499 2444 592 2566 'poae
621 2502 655 2551 re
684 2501 761 2553 roura
789 2506 818 2553 et
839 2501 941 2555 soora.
958 2502 1049 2583 rema
1070 2502 1197 2583 marna

252 2617 288 2655 eo
308 2605 434 2667 imprimis
454 2607 575 2657 Arabicis
597 2609 673 2661 sinus
697 2610 797 2663 Persici
818 2613 920 2663 accolis
945 2614 1036 2665 deberi
1058 2616 1188 2669 affimat.

226 2824 363 2915 eedb-
540 2912 543 2919 .

202 2962 233 3022 1)
250 2946 359 3048 0,»,ιῶιι
374 2948 432 3041 >³2
462 2948 565 3035 „isli
590 2946 686 3043 'xm
703 2955 783 3031 Hag'l
799 2967 898 3018 Kbalts
913 2970 936 3033 1,
955 2968 1018 3019 122.

197 3096 230 3157 2)
249 3096 364 3147 Frustra
381 3096 450 3146 enim
467 3098 583 3160 probare
604 3098 704 3150 studuit
723 3100 883 3153 Vincentius
907 3100 1065 3153 Commeree
1087 3100 1123 3151 ot
1139 3100 1187 3153 ibe

250 3197 311 3235 auc
327 3186 364 3251 11,
381 3185 426 3237 24.
444 3184 510 3251 ³18,
526 3187 632 3237 Arabes
649 3186 703 3238 iam
719 3191 783 3239 ante
799 3188 941 3253 Hippalum
957 3190 1059 3239 etesias
1075 3200 1188 3253 eogno-

214 3270 218 3283 '
248 3276 334 3339 visse3
367 3289 436 3340 quae
454 3290 503 3336 pro
521 3290 556 3327 ea
572 3280 705 3329 sententia
728 3280 822 3345 affert,
848 3281 1019 3331 coniecturae
1037 3284 1123 3347 suut,
1143 3280 1188 3331 dl-

245 3374 320 3419 serto
338 3370 489 3423 testimonio
506 3370 604 3431 Peripl.
621 3382 647 3429 p.
664 3371 708 3419 ³2.
725 3371 809 3421 lluds.
832 3371 913 3421 facile
941 3382 1065 3420 eversae.
1099 3370 1189 3421 Prac-

246 3460 339 3525 terea,
357 3459 401 3524 qui
417 3460 475 3509 fieri
497 3462 596 3524 potuit,
621 3462 649 3509 ut
672 3460 771 3510 Graeci
791 3461 897 3511 Arabes
919 3472 975 3511 non
998 3460 1053 3511 slot
1075 3458 1186 3527 imitati,

247 3550 270 3599 si
286 3564 386 3600 revera
402 3550 493 3601 etesiis
512 3549 550 3599 uti
567 3537 754 3599 scivisscoti'

197 3642 229 3700 8)
246 3641 301 3691 llas
318 3641 472 3693 describunt
487 3640 583 3702 Peripl.
600 3652 635 3689 m.
652 3640 685 3689 Ε.
702 3654 728 3702 p.
744 3640 789 3690 a1.
822 3641 900 3690 Proc.
917 3640 980 3693 bell.
996 3642 1074 3691 Pers·
1094 3644 1120 3709 l,
1138 3640 1187 3693 19.

250 3734 316 3787 262.
330 3735 403 3793 ,Vera
435 3736 467 3783 In
483 3733 591 3785 nomine
607 3730 736 3803 μαδαρᾰιε
757 3734 785 3783 ia
805 3732 895 3797 peripl.
915 3734 935 3787 l.
956 3734 977 3785 1.
1000 3734 1118 3787 exhibito
1138 3736 1188 3787 ta-

249 3842 301 3894 clle
316 3842 474 3907 &noscitur
489 3823 576 3923 abb,
592 3842 664 3906 quod
682 3839 763 3893 etlam
780 3840 858 3893 bodie
869 3813 973 3893 uuon'
982 3842 1117 3895 oavlculls
1129 3842 1188 3895 ludi
