2474 4500
597 310 823 372 -216—

218 501 320 578 ipsum
341 500 550 579 coenaveris,
573 514 630 556 eos
652 493 805 555 dejiciam.
827 489 988 551 Clamavit
1013 485 1083 545 vir:
1114 484 1212 562 Dein,

218 605 293 666 mihi
301 604 529 667 etfilioiismeis
538 621 700 665 succurre.
709 600 913 661 Dixitzilaec
923 592 1212 674 mitt03nonngitnr

219 713 279 774 nisi
299 711 340 772 de
362 731 434 773 mea
456 712 534 794 vito,
556 729 650 792 qnam
669 708 801 769 libenter
823 722 880 785 pro
909 719 1013 784 aquae
1034 706 1115 781 potu
1138 716 1210 779 pro-

220 819 328 902 fundo,
350 821 378 880 si
399 820 459 881 hos
479 818 615 881 deiicere
636 819 720 879 licet.
742 817 839 877 ‘'an
861 813 963 875 cultro
992 809 1142 873 celeriter
1161 826 1209 869 ιι·-

220 935 311 1007 repto
332 928 382 987 vir
402 944 440 986 se
461 927 564 1008 ipsum
586 923 749 987 castravit.
791 919 884 1000 Quod
908 936 1007 1000 quum
1027 934 1148 979 servus
1162 914 1209 975 vi-

222 1031 324 1114 deret,
348 1032 463 1093 deiecit
483 1050 614 1112 pueros,
643 1024 778 1091 addens:
802 1024 887 1109 quod
907 1024 982 1085 mihi
1003 1023 1129 1105 fecisti,
1154 1020 1209 1083 ieci

222 1141 292 1203 tibi:
314 1142 344 1202 in
367 1143 526 1203 cumulum
548 1141 687 1202 occessit
707 1155 793 1200 mors
813 1135 956 1198 filiorum.
998 1133 1126 1196 Deinde
1145 1150 1211 1195 ser·

222 1267 284 1310 vns
320 1250 518 1311 atrocissimo
548 1249 702 1329 supplicio
731 1236 891 1326 peremtus
919 1243 996 1317 fnit,
1039 1250 1073 1303 et
1108 1256 1209 1305 omnes

222 1360 309 1420 servi
330 1358 461 1439 Sindici‚
484 1358 536 1440 qui
556 1359 741 1439 frequentes
762 1356 804 1415 ibi
825 1361 932 1429 erant,
979 1352 1059 1412 urbe
1095 1348 1210 1431 expulsi

222 1475 295 1527 sunt
314 1476 376 1527 nec
392 1468 474 1527 ullus
490 1466 640 1546 exiguum
659 1483 700 1525 ex
714 1464 753 1524 iis
769 1461 944 1524 vendendis
963 1460 1101 1541 pretium
1116 1476 1212 1541 quee-

223 1574 307 1634 sivit.
347 1572 399 1635 nd
420 1574 527 1633 urbem
543 1572 670 1633 Mihrein
691 1572 808 1634 fluvius
829 1578 892 1652 est,
914 1568 1078 1630 latitudine
1100 1568 1213 1651 'l'igrin

223 1691 277 1744 ant
298 1700 440 1762 aequans
463 1691 516 1743 ent
538 1701 704 1764 superans,
726 1683 780 1762 qni
800 1682 934 1761 primurn
955 1681 994 1741 ab
1015 1679 1139 1742 oriente
1156 1698 1213 1742 ve·

222 1792 312 1852 niens
333 1791 484 1872 deinceps
506 1793 666 1854 meridiem
688 1813 803 1855 versus
827 1804 859 1855 et
881 1793 1081 1855 occidentem
1102 1808 1215 1855 verens

222 1918 259 1960 se
281 1898 394 1981 flectit,
417 1898 518 1960 donec
539 1901 569 1959 in
592 1919 678 1960 mare
700 1900 818 1961 incidat
838 1900 1014 1962 Persicum.
1035 1900 1151 1963 'Prodit
1163 1902 1217 1984 19-

223 2002 381 2062 tirekrins:
402 2003 481 2063 Eins
503 2004 575 2063 sons
597 2004 627 2062 in
658 2005 781 2064 verlice
811 2006 925 2066 montis
956 2004 1100 2067 eiusdem
1122 2014 1215 2067 este

222 2127 282 2187 qno
306 2128 387 2169 nnus
408 2110 574 2170 fluviorum
598 2098 727 2172 G'ihdni
750 2112 846 2172 oritur
851 2157 863 2195 y
902 2111 1015 2173 deinde
1036 2114 1216 2194 apparetin

220 2219 366 2278 Multana
408 2217 449 2278 ad
491 2218 571 2278 smes
605 2217 795 2301 Semendnr,
840 2227 906 2281 tum
934 2219 976 2281 ad
1012 2218 1215 2304 Mancini-am,

218 2331 282 2382 tum
303 2321 334 2381 in
356 2340 443 2382 mare
471 2322 563 2384 cadit.
607 2327 667 2386 Est
694 2330 811 2389 fluvius
846 2346 980 2410 magnes
1014 2328 1215 2393 dulcissimae

218 2447 336 2509 equae,
360 2429 390 2488 in
416 2449 477 2510 qno
510 2433 660 2493 crocodili
685 2435 767 2496 sicut
793 2437 824 2496 in
851 2438 926 2497 Nilo
956 2456 1033 2499 esse
1062 2436 1215 2501 dicuntur.

219 2536 323 2598 noram
345 2555 495 2615 aquarum
518 2521 612 2599 eumn
633 2542 741 2602 Niinrn
771 2552 904 2624 eoquat3
932 2542 1064 2605 inundet
1084 2552 1216 2623 termm3

219 2651 285 2703 tum
306 2652 474 2724 postquam
496 2644 619 2705 desedit
640 2656 801 2708 sementes
819 2647 899 2710 finnt
914 2650 998 2709 sicut
1014 2650 1044 2710 in
1054 2651 1218 2732 Aegypto.

221 2737 359 2812 G'ehit'h
379 2761 491 2813 auctor
515 2761 577 2836 est,
599 2749 776 2817 crocodilos
797 2757 934 2817 Mihrani
955 2758 1057 2819 minus
1085 2774 1217 2821 crassos

222 2872 254 2924 et
276 2865 378 2925 minus
400 2866 595 2946 perniciosos
619 2887 704 2946 esse,
727 2888 821 2948 qnam
835 2870 887 2949 qni
909 2870 937 2930 in
953 2869 1029 2929 Nilo
1044 2870 1122 2951 sint,
1135 2869 1218 2931 idem

169 2954 314 3034 uetiam
339 2993 447 3034 eurum
467 2995 578 3055 pnrnnr
601 2977 631 3034 in
654 2994 692 3034 eo
715 2977 811 3036 [invio
836 2976 967 3036 inveniri
990 2975 1095 3037 tradit

303 3083 452 3141 Nonrmn
475 3083 578 3160 ample
601 3083 689 3161 regio
713 3083 855 3165 sindico,
877 3084 982 3144 multis
1003 3083 1116 3145 incolis
1133 3100 1217 3165 gan-

221 3187 313 3268 dens‚
335 3188 392 3248 sed
415 3189 467 3269 qui
494 3191 625 3250 Zuohis
654 3191 773 3251 similes
799 3200 885 3250 srrnt.
926 3192 1025 3252 Bonis
1063 3192 1220 3270 ebund2t3

220 3306 329 3358 serunt
350 3299 547 3378 potissimum
570 3318 720 3378 oryzam,
750 3298 926 3360 sedetiam
955 3300 1115 3383 arienarn,
1147 3300 1219 3383 mei,

221 3424 333 3466 nucem
356 3404 496 3466 Indicam
515 3405 639 3467 habent.
675 3407 721 3467 Ibi
743 3408 940 3486 reperiuntur
961 3407 1074 3468 cameli
1095 3404 1220 3469 dnobus

231 3585 357 3600 -hk--m
367 3591 430 3600 ιι-
434 3589 476 3598 -ο

240 3720 268 3786 1)
285 3724 426 3772 voeabula
441 3717 524 3798 λῳ)
550 3706 652 3806 giudi
678 3740 735 3793 ov,
756 3737 808 3772 non
831 3737 899 3774 sona
916 3730 988 3786 sunt,
1011 3725 1060 3772 sed
1082 3724 1118 3773 de
1141 3726 1219 3775 oedi-

288 3829 353 3878 ficiis
370 3829 431 3879 aitis
448 3838 543 3878 auctor
559 3832 631 3891 loqui
648 3832 766 3880 videtur.
