2474 4500
491 289 704 354 -oe-·

113 467 224 553 'aperio
254 469 563 535 dicitur-sulthiuus
588 470 716 554 quidam
741 471 775 536 in
799 473 907 556 Bapra
930 472 1011 536 urbe
1038 490 1098 535 ro·

69 634 75 645 .
113 584 226 660 guam,
246 587 311 643 oet
353 577 429 640 Non
449 587 555 642 etitem
576 579 619 642 ita
636 579 744 640 iactae
765 587 839 641 sunt
859 579 921 642 hae
941 579 1094 642 mutatio-

113 702 168 769 ιω,
185 695 222 748 ut
242 706 305 749 non
325 686 443 765 ubique
462 686 603 768 vestigia
623 686 844 768 remanserint,
868 704 948 766 quae
971 682 1096 745 nonnisi

61 770 68 851 {¹
114 790 278 855 tdlndiam
301 793 460 872 pertinere
480 799 623 873 possunt,
651 792 855 873 lndicamqne
883 791 1095 853 narrationum

113 897 248 981 mem
269 906 362 961 extra
385 897 511 958 dubium
533 894 682 978 ponimt2.
723 898 869 959 Alterum
889 896 1096 956 mutationum

61 984 63 989 Ι
112 1021 198 1086 genus
216 1006 312 1068 latim
332 1005 490 1085 pertinuit,
512 1013 546 1066 et
566 1005 676 1068 libmm
696 1006 795 1066 multo
816 1005 921 1086 magis
933 1003 1097 1084 deprava-

61 1160 64 1181 ,
111 1111 148 1173 vit
169 1111 303 1192 eiusque
333 1110 473 1172 ordinem
500 1112 703 1173 urtiiromsum
725 1111 932 1192 perturbavit.
974 1111 1098 1172 Multae

112 1221 180 1283 onim
199 1222 283 1284 aliae
302 1224 501 1284 narrationes
522 1240 542 1284 a
561 1221 664 1282 veteri
684 1228 817 1281 auctore
828 1236 960 1301 prorsus
971 1218 1097 1283 alienae

161 1474 314 1525 braieorum
330 1473 534 1538 peritissimum
556 1487 592 1525 ex
613 1472 743 1526 librorum
766 1473 940 1531 Tureieorum
961 1475 1097 1527 mentione

162 1568 280 1617 aetatem
297 1565 386 1625 operis
404 1566 488 1615 multo
506 1567 685 1617 recentiorem
704 1566 774 1616 effici
783 1599 794 1630 ,
813 1571 840 1616 et
858 1566 1005 1616 desiderari
1022 1566 1097 1616 Indi-

162 1662 255 1703 corum
272 1653 400 1702 librorum
416 1654 589 1719 mentionem,
608 1669 688 1720 quae,
704 1657 728 1705 sl
745 1670 812 1719 opus
829 1659 949 1707 Indicam
967 1657 1098 1720 originem

162 1746 344 1809 agnosceret,
384 1749 458 1795 esset
491 1746 683 1806 exspectanda.
718 1748 773 1796 Sed
796 1748 909 1808 priorum
930 1749 958 1797 in
980 1748 1097 1817 editione

166 1834 241 1887 Calc.
260 1836 294 1885 de
310 1834 384 1883 libris
402 1834 533 1896 Turcicis,
552 1848 617 1896 quos
636 1837 730 1897 premit
748 1839 866 1901 Sacyus,
884 1843 911 1886 ct
921 1839 1044 1898 Syriacis
1060 1837 1097 1888 nil

163 1928 275 1989 dicitur,
295 1931 406 1988 apparet
420 1928 500 1990 igitur
515 1940 548 1976 ea
571 1939 644 1975 nova
656 1939 717 1976 esse
746 1928 928 1977 additamenta
943 1927 970 1976 in
989 1929 1098 1989 quibus·

164 2018 225 2065 dam
243 2018 322 2064 codd.
341 2018 375 2064 ad
391 2015 525 2064 libidinem
543 2016 624 2064 iacta.
659 2016 713 2063 Sed
736 2015 792 2063 eius
815 2015 943 2064 historiae
966 2029 1097 2065 summum

163 2107 221 2172 vel,
240 2109 270 2156 ut
287 2107 325 2156 ita
343 2107 437 2172 dicam,
455 2113 654 2175 argumentum,
673 2111 743 2170 quod
760 2120 848 2168 neque
865 2106 926 2155 addi
937 2120 1024 2170 neque
1037 2120 1097 2157 mu-

162 2202 215 2250 tari
232 2206 350 2263 poterat,
369 2203 499 2265 originem
516 2205 632 2252 Indicam
651 2208 726 2252 certo
744 2203 852 2252 indicat.
884 2205 1005 2253 Medicus
1028 2204 1097 2253 enim

161 2290 243 2354 libro,
262 2291 337 2340 cuius
354 2291 420 2340 folia
437 2304 544 2341 veneno
563 2274 663 2342 insecta
680 2298 708 2342 et
725 2294 910 2356 conglutinata
933 2307 950 2341 a
972 2306 1039 2356 rege
1057 2295 1097 2342 di-

161 2381 225 2446 gitis
242 2382 269 2431 in
287 2394 335 2431 ore
352 2384 508 2432 madefactis
525 2382 712 2448 solvebantur,
729 2361 827 2447 regem
843 2386 933 2433 necat.
962 2379 1039 2445 Quae
1052 2396 1099 2431 ra-

163 2473 203 2522 tio
221 2472 397 2524 interficiendi
418 2474 486 2523 mira
502 2487 569 2522 sane
587 2478 644 2538 est,
661 2486 748 2535 neque
771 2474 886 2523 feliciter
913 2472 1041 2537 inventa,
1075 2471 1099 2521 si

163 2569 276 2616 nostros
293 2567 339 2614 vel
351 2567 468 2615 Arabum
486 2567 569 2616 libros
587 2568 745 2616 chartaceos
764 2567 808 2615 vel
825 2567 1045 2617 membranaceos
1056 2566 1099 2614 in-

163 2657 252 2720 telligi
271 2657 355 2706 voluit
373 2661 476 2710 auctor.
510 2634 624 2708 Nonnisi
641 2659 667 2707 in
684 2659 767 2707 libros
784 2659 890 2707 Indicos
907 2659 932 2706 id
950 2658 1036 2720 valet,
1053 2660 1099 2707 fo-

120 2732 123 2736 ’
165 2747 208 2796 liis
225 2747 387 2808 compositos
405 2747 600 2810 auripigmento
624 2747 761 2795 virulento
785 2746 850 2795 illini
872 2747 975 2810 solitis,
1007 2760 1060 2808 quo
1081 2759 1099 2795 a

164 2837 284 2888 formicis
306 2837 440 2898 (Termes
462 2837 569 2903 fatalis
590 2837 676 2886 Lina.
693 2828 763 2898 apird
784 2842 921 2886 nostrates
945 2838 1019 2886 audit
1041 2838 1101 2886 uni-

165 2929 324 2985 maleulum)
341 2932 494 2980 serventur.
512 2930 597 2976 Porro
615 2942 639 2989 p.
658 2932 701 2980 ³7.
718 2929 743 2978 iu
762 2936 843 2978 nocte
859 2929 990 2991 vigesima
1009 2930 1101 2991 quinta

168 3020 205 3075 ait
222 3021 326 3069 incolas
345 3020 415 3069 urbis
438 3021 609 3084 incantatae,
627 3021 670 3085 qui
688 3022 712 3070 in
731 3022 818 3082 pisces
843 3029 957 3085 quatuor
979 3025 1100 3073 colorum

168 3112 262 3160 mutati
292 3116 398 3175 essent,
432 3114 559 3177 Iudaeos,
588 3112 764 3178 ChristIanos,
788 3114 928 3164 Muslimos
950 3119 978 3164 et
1004 3116 1102 3163 Persas
1147 3094 1151 3107 ⁴

167 3221 485 3285 vocari,nequc1ndos.
521 3222 611 3270 Locus
629 3226 670 3272 est
687 3225 710 3288 1,
729 3211 779 3274 iro
795 3225 862 3274 Hab.
880 3226 936 3274 Sed
961 3227 1019 3273 tota
1036 3237 1103 3272 nar-

168 3330 239 3379 ratio
257 3331 326 3378 bene
344 3330 456 3391 intelligi
473 3329 573 3394 nequit,
588 3329 638 3381 nisi
660 3331 779 3395 scirttur,
805 3334 838 3380 de
860 3334 925 3381 urbe
948 3332 1040 3380 ludica
1061 3331 1103 3380 liic

167 3422 214 3485 agl
231 3429 346 3483 quatuor
363 3424 481 3473 tribubus
500 3425 719 3482 Brahruanarunn
736 3425 922 3490 Xatriyarum,
936 3426 1102 3490 Vaipyarum

168 3518 197 3564 et
222 3512 372 3583 Qudrarum
401 3517 547 3567 inhabitata
569 3521 597 3566 ct
620 3520 705 3567 totam
726 3517 909 3567 narrationem
931 3519 1019 3564 ortam
1041 3525 1103 3562 esso

173 3618 209 3656 ex
225 3605 286 3653 lusu
303 3607 460 3671 verborum,
478 3606 521 3669 qui
538 3607 643 3657 nonnisi
660 3607 685 3655 in
712 3606 806 3669 lingna
835 3606 970 3654 sanskrita
994 3603 1104 3667 exprImi

171 3701 272 3757 potest.
306 3695 440 3745 Vocabuli
477 3697 547 3745 enim
574 3696 718 3760 sanskriti,
747 3697 816 3758 quod
842 3696 937 3744 tribum
960 3696 1104 3760 significat,

169 3779 240 3870 aui,
257 3803 299 3853 vis
316 3787 443 3866 primaria
460 3805 502 3852 est
520 3802 638 3853 eoloris.
650 3801 764 3852 Colores
775 3804 864 3852 airtem
875 3801 953 3852 iidem
963 3803 1104 3855 nominan-
