2474 4500
523 286 728 350 ..5¹7.„

111 472 192 546 cuti
207 469 320 535 Indiae
352 474 426 535 litus
453 469 538 533 linea
572 471 724 533 continue
757 487 874 534 vorsus
903 474 1057 538 orientem
1085 491 1124 537 se

118 579 300 644 extendere
342 587 495 661 putarunt
538 587 573 639 et
610 596 724 641 veram
764 582 950 659 peninsuiae
986 582 1123 643 formam

115 704 252 766 prorsus
272 687 471 767 ignorarunt.
512 686 563 746 Ita
584 683 707 767 Geogr.
728 686 826 770 Nun,
848 697 1017 769 postquam
1041 688 1122 749 Ma-

113 795 274 857 hbaricas
302 796 398 856 nrbes
427 795 605 875 recensuit,
633 795 671 855 ab
694 795 814 878 ultima,
842 814 938 876 quam
974 814 1120 858 comme-

119 910 225 964 morat
247 911 281 963 et
302 920 396 984 quam
418 910 555 981 quatuor
576 899 696 962 dierum
718 902 925 982 navigatione
955 904 1033 964 citra
1054 902 1124 963 'l'a-

120 1010 295 1090 probantem
317 1027 393 1069 ease
415 1008 503 1091 dicit,
526 1007 716 1089 Samandar‚
746 1009 855 1069 statim
871 1011 983 1071 transit
1003 1010 1044 1073 ad
1066 1029 1125 1071 se·

120 1116 364 1196 ptentrienalem
390 1116 512 1177 Indiam
539 1134 674 1196 eamque
696 1135 716 1176 a
736 1114 890 1197 Kaprnira
911 1134 1004 1197 quarn
1027 1125 1126 1179 vocat

120 1227 281 1315 interiore·
303 1228 357 1287 vei
385 1225 533 1287 inferiore
561 1233 686 1305 septem
715 1224 835 1285 dierum
866 1225 977 1284 itinere
1005 1213 1145 1286 distare

124 1343 157 1396 et
177 1333 252 1395 inde
272 1333 315 1396 ad
335 1321 515 1415 Kaneg'am
538 1352 644 1414 usque
671 1334 740 1394 sere
770 1331 853 1394 idem
883 1333 1022 1412 spatium
1048 1352 1125 1394 esee

122 1431 298 1522 perhibct⁶.
340 1443 453 1519 ltaque
476 1440 544 1499 fleri
566 1458 627 1499 non
643 1438 750 1521 potuit
776 1439 851 1518 quin
880 1438 1125 1500 incertissimam

120 1549 184 1611 sibi
210 1548 253 1609 de
281 1549 447 1611 Maharine
475 1549 538 1608 situ
576 1548 746 1628 imaginem
773 1547 918 1609 Arabum
947 1548 1126 1629 geographi

120 1658 291 1738 tingerent.
333 1655 499 1734 Quaeres
520 1657 633 1717 fefellit.
656 1657 703 1718 CI.
716 1658 851 1738 Locum,
874 1655 947 1719 dum
968 1648 1125 1719 adversus

125 1765 272 1845 Sacyum
294 1762 462 1843 disputans
487 1783 557 1825 eam
581 1763 622 1825 ad
646 1762 794 1845 Gangem
819 1783 923 1844 usqne
950 1783 987 1825 se
1008 1774 1126 1827 exten-

120 1870 211 1933 disse
233 1872 367 1952 negavit
389 1879 485 1932 etex
507 1871 661 1953 gradibus
692 1872 897 1952 longitudinis
925 1879 957 1932 et
984 1873 1126 1932 latitudi-

119 1978 170 2039 nis
192 1976 280 2058 apud
301 1976 496 2038 Abuliatiam
516 1977 661 2038 indicatis
682 1986 785 2038 terrae
808 1984 841 2037 et
862 1977 996 2038 neminis
1019 1979 1124 2039 ambi-

120 2096 185 2149 tum
217 2094 371 2147 accurrate
399 2085 519 2147 definiri
553 2085 664 2146 voluit.
711 2084 805 2163 Apud
843 2084 899 2145 Ibn
931 2081 1126 2146 Bathirtham

122 2193 261 2276 quidem,
286 2193 412 2273 quidem
434 2193 598 2275 regionem
621 2202 695 2255 tunc
716 2195 778 2255 iam
805 2213 824 2255 a
846 2194 1029 2255 Muslimico
1050 2213 1127 2276 roge

120 2301 334 2383 gubernatam
355 2297 495 2383 invisit⁷‚
519 2321 634 2362 nomen
663 2301 703 2362 de
731 2310 820 2381 parte
846 2309 968 2362 tantum
995 2302 1127 2362 australi

119 2416 309 2488 usurpatum
331 2405 494 2486 videmus3
517 2415 658 2468 attamen
669 2407 778 2486 reliqui
799 2407 899 2466 litoris
920 2406 961 2467 ad
977 2404 1126 2488 Gangem

119 2532 228 2595 usque
250 2534 314 2574 non
335 2512 371 2574 fit
392 2514 477 2594 apud
503 2533 575 2575 eum
600 2514 657 2574 sub
680 2514 741 2574 ulie
765 2515 890 2574 nomino
911 2513 1038 2575 mentio.
1080 2512 1127 2573 Μ.

119 2620 245 2682 Paulus
268 2613 419 2681 Veneta⁸
447 2616 488 2680 ad
510 2619 689 2680 Mabarium
718 2620 910 2698 pertinuisse
937 2620 981 2681 ait
1010 2619 1127 2680 civita-

119 2737 201 2812 tem,
222 2729 256 2790 in
277 2747 341 2809 qua
362 2730 412 2791 st.
435 2729 576 2790 Thomas
603 2727 748 2807 sepultus
777 2734 886 2810 esset,
917 2744 998 2806 quae
1028 2744 1128 2806 prope

124 2860 342 2881 m

123 3023 132 3029 .
208 2958 321 3056 &oie
345 2985 412 3060 &a
427 2959 492 3046 ,ἐ
517 2951 625 3066 3335ss
651 2952 727 3054 &Ji
753 2951 887 3021 iilbffli
913 2969 966 3019 Pro
992 2951 1126 3020 ubisit

203 3097 268 3147 arun
292 3079 393 3145 §uait
421 3098 511 3148 tranet.
729 3092 732 3096 “

137 3207 170 3262 7)
186 3207 212 3253 Α
228 3205 361 3254 Muslirnis
379 3213 535 3269 expugnata
554 3210 595 3255 cst
612 3219 637 3255 a.
655 3206 717 3257 710.
735 3204 798 3264 (inc.
819 3206 864 3254 30.
886 3204 950 3255 Mai.
975 3203 1070 3262 tatu.)
1092 3205 1126 3255 cf.
1216 3255 1224 3265 l

188 3299 306 3350 Firishtu
324 3313 367 3360 ap.
385 3303 505 3361 Sacyunr
524 3300 542 3351 i.
566 3300 584 3347 l.
607 3301 655 3348 Ibn
685 3295 816 3349 Bathithu
845 3305 902 3351 tres
930 3299 955 3347 in
986 3312 1019 3348 en
1048 3300 1127 3348 urbes

189 3415 395 3471 commemorat,
413 3410 481 3459 Kian
501 3391 604 3490 Uias,
622 3409 721 3460 Fattan
738 3402 815 3494 023,
833 3423 900 3472 quos
915 3409 1082 3472 ignoratum,
1100 3410 1128 3455 et

192 3511 351 3573 Medorum,
369 3496 460 3591 risza.
483 3522 508 3570 p.
528 3507 589 3561 los.
606 3513 674 3565 Lee.

144 3621 242 3686 8)111,
260 3623 306 3674 23.
324 3621 367 3674 27.
385 3621 452 3670 Eam
471 3621 550 3670 etiam
567 3621 832 3683 nominntmayacm
843 3615 972 3681 Indiam,
990 3613 1127 3665 undecei-

192 3728 280 3792 ligere
297 3740 393 3791 posses
415 3730 513 3780 Mnbar
529 3741 591 3778 esse
606 3734 722 3808 W,
745 3726 795 3775 sed
816 3725 842 3774 id
864 3724 924 3775 milri
944 3737 998 3774 non
1021 3725 1128 3775 videtur

200 3813 353 3864 verisimile.
