2474 4500
194 475 338 538 dubitans
362 477 431 539 sore
453 476 538 536 utin
559 473 699 556 reliquis,
723 477 774 557 qui
795 480 979 555 sequantur,
1001 482 1069 534 tum
1088 472 1120 532 in
1138 471 1194 545 ‚lo-

195 584 243 644 cis
266 583 433 666 eligendis,
455 593 522 644 tum
542 581 738 644 illustrandis
759 580 1132 663 ct'l'uac'exspectationi
1161 589 1195 640 et

193 709 286 751 meae
306 691 408 770 ipsius
428 689 583 752 voluntati
605 690 710 772 magis
734 689 942 770 satisfaciam,
967 707 1062 769 quam
1083 688 1114 748 in
1129 686 1193 766 hoc

135 774 140 781 x
192 797 330 859 fortasse
352 797 471 858 lactum
492 805 550 857 est.
690 881 691 884 Ἴ
1159 790 1162 795 ’

274 905 419 966 Potiores
440 912 480 964 ex'
505 903 712 985 scriptoribus
734 903 882 964 Arabicis
903 902 1071 993 lpucusque
1087 897 1192 975 editis,

190 998 1194 1092 quireslrffl‘astetigerunt,antebrevitcrrecensebc.Praeter

183 1134 294 1196 pauca
315 1136 365 1199 ea,
396 1136 499 1197 neque
528 1117 636 1198 magni
663 1115 810 1177 facienda
833 1133 914 1195 quae
934 1115 965 1174 in
988 1114 1194 1192 prolegome-

188 1224 237 1283 nis
259 1223 327 1283 libri
365 1223 469 1285 Kalila
498 1224 537 1284 ab
565 1225 623 1284 lbn
656 1221 844 1319 Almuqaffa
872 1220 1002 1299 scriptis
1030 1221 1192 1299 leguntur,

187 1332 398 1410 antiquissimi
419 1315 493 1392 sunt
512 1331 768 1412 peregrinatores
790 1331 832 1390 illi
855 1329 928 1412 duo,
959 1328 1039 1388 alter
1060 1345 1190 1407 anony-

186 1453 277 1514 mus,
320 1436 399 1495 alter
443 1436 518 1496 Abu
554 1435 639 1496 Zaid
679 1435 823 1496 Alhasan
867 1433 1004 1495 Alsiraili
1041 1441 1191 1517 vocatus,

187 1540 249 1617 (cl.
272 1561 302 1619 p.
323 1541 392 1620 74.)
417 1560 549 1621 quorum
576 1542 715 1602 libellum
742 1559 783 1602 ex
804 1542 909 1622 unico,
940 1541 1105 1620 quinctus
1127 1549 1203 1618 est,

184 1645 297 1707 codice
318 1648 490 1708 Parisiensi
513 1646 638 1710 Gallice
668 1667 799 1709 versum
823 1643 928 1708 'edidit
956 1646 1190 1719 Rern-audatius,

179 1753 245 1814 'hoc
267 1753 370 1813 indice
392 1772 484 1835 usus,
507 1757 557 1815 cui
577 1774 691 1816 nomen
722 1750 816 1815 suum
845 1773 907 1815 non
937 1752 1072 1814 addidit:
1115 1752 1191 1812 An-

185 1864 314 1920 riennes
322 1863 488 1922 Relations
509 1865 564 1921 das
585 1864 684 1922 Indos
704 1870 736 1921 et
756 1865 794 1922 de
815 1843 958 1925 luchina
978 1865 1017 1921 da
1031 1863 1119 1920 deuo:
1133 1879 1191 1919 no-

182 1970 325 2042 yu'paurs
345 1968 582 2049 Madametnas,
608 1973 703 2046 quiy
724 1968 860 2027 nltbrent
872 1970 954 2027 dans
977 1968 1006 2026 le
1027 1965 1204 2051 conclame—

182 2071 290 2151 cibele,
315 2076 471 2133 traduates
492 2076 531 2132 de
559 2074 696 2133 l'Arabe
725 2094 801 2132 avec
830 2077 887 2133 des
915 2092 1100 2152 remarqaer
1129 2094 1189 2134 scr

183 2183 230 2240 les
250 2183 448 2256 principante
469 2181 609 2245 endroits
633 2181 671 2238 de
692 2199 746 2238 ces
767 2180 929 2238 relations.
959 2180 1066 2238 Poris.
1096 2173 1124 2239 Ι.
1147 2181 1187 2240 Β.

185 2267 353 2357 Goipncrd
362 2283 462 2342 1718.
470 2284 504 2342 8.
497 2302 543 2359 ..p
552 2282 715 2342 XXXIX
721 2284 804 2344 379
805 2281 1044 2343 Annotstrones
1053 2282 1188 2344 chau-

182 2382 256 2450 dotii
279 2407 308 2467 p.
331 2387 453 2458 125-
472 2385 550 2448 397
546 2405 630 2447 nunc
645 2397 733 2449 certe
755 2387 840 2448 hand
860 2387 968 2469 magni
992 2388 1084 2467 pretii
1100 2398 1185 2449 sunt.

182 2495 278 2555 Liber
300 2512 379 2572 prae
400 2494 470 2553 aliis
493 2493 554 2553 dici
584 2501 692 2573 potest
720 2514 784 2554 suc
807 2499 882 2575 fato
902 2497 1060 2556 annana.
1110 2497 1184 2556 Pri-
1196 2512 1197 2515 ’

181 2585 266 2659 mrim
291 2598 373 2659 enim
394 2599 552 2677 desultac,
575 2601 629 2678 qni
658 2599 689 2658 in
720 2598 808 2660 Sinis
837 2598 999 2660 doctrinae
1022 2599 1184 2662 Christia-

181 2727 242 2768 nae
263 2706 490 2788 propagandae
513 2706 712 2783 studuerant,
736 2714 770 2766 et
791 2707 860 2767 libri
888 2706 929 2768 de
951 2708 1038 2770 Sinis
1069 2727 1183 2769 nama-

179 2813 265 2874 tione
288 2821 320 2874 et
341 2812 532 2875 Renaudotii
547 2798 876 2873 animadversionibus
899 2813 1024 2892 cilensi,
1042 2815 1185 2875 auotori-

177 2921 238 2982 bus
268 2921 363 2982 lidem
404 2909 574 3003 negarunt,
617 2921 818 3000 postmodum
846 2921 941 2983 etiam
964 2924 1181 3001 suspicionem

176 3007 309 3109 morere
330 3027 435 3086 conati
457 3034 542 3107 sunt,
564 3022 665 3087 totum
686 3028 798 3088 librum
817 3017 1054 3108 ¹valbenaudotio
1069 3020 1182 3091 lictum

176 3151 261 3195 csse.
305 3131 397 3209 Quae
417 3132 559 3212 suspicio
581 3150 785 3212 summopere
807 3141 902 3195 aucta
925 3143 985 3215 est,
999 3153 1095 3216 quum
1119 3150 1180 3195 co-

177 3238 254 3315 dex,
278 3238 330 3317 qui
352 3255 370 3296 e
392 3225 582 3298 bibliotheca
607 3237 793 3299 Colbertina
813 3240 844 3299 in
866 3240 988 3321 regiam
1012 3241 1180 3321 migrave-

178 3350 239 3425 rat,
261 3326 423 3423 'nusqua'm
462 3343 593 3402 inveniri
623 3351 761 3426 posset,
788 3340 893 3404 donec
921 3343 1050 3406 tandem
1082 3365 1103 3408 a
1129 3347 1181 3407 De

177 3445 326 3528 Guignes
348 3446 497 3506 detectus
519 3454 581 3526 est,
604 3448 657 3526 qui
678 3444 719 3505 de
741 3463 786 3505 eo
800 3447 906 3507 retulit
920 3437 1182 3510 inNotetllxtr.

174 3558 201 3634 l,
227 3553 392 3614 loo-164
412 3550 454 3612 of.
475 3549 575 3611 llldrn.
599 3550 640 3610 dc
661 3547 786 3611 l’Acad.
808 3549 867 3611 des
889 3552 986 3611 Inscr.
1000 3554 1178 3637 xxxva,

172 3660 244 3720 477.
289 3657 356 3720 Sed
380 3656 474 3717 etiam
499 3664 621 3738 postea,
644 3664 679 3716 ut
699 3659 851 3740 comperi,
875 3678 932 3738 per
943 3659 1070 3739 aliquod
1091 3668 1178 3723 tem-

173 3786 244 3850 pus,
269 3784 364 3846 quum
386 3773 510 3824 essent.
532 3764 585 3844 qni
606 3764 676 3823 eius
696 3764 810 3826 edendi
834 3769 999 3829 consilium
1021 3773 1176 3850 ceperint,
