2474 4500
509 311 734 380 -211-

103 522 231 584 quoque
260 504 455 564 interdicunt.
507 503 581 564 Rex
607 501 673 561 vini
703 508 867 582 potatores
899 502 986 582 punit
1017 500 1100 561 ferro

104 614 190 694 quod
219 614 251 673 in
276 615 341 696 igni
372 613 502 675 canduit
534 631 643 673 eorum
676 612 800 691 corpori
826 611 971 690 imposito
1000 626 1101 689 usque

106 723 179 784 dum
208 724 412 803 refrigescat,
441 741 505 802 qua
533 741 569 783 re
595 740 695 803 saepe
722 738 809 781 mors
838 719 998 790 efficitur„
1024 717 1102 781 Inde

107 807 308 912 egalloohum
337 830 536 891 Kumarense
571 849 686 891 nomeu
707 829 833 910 trahit,
873 847 954 909 quae
986 829 1103 908 optima

108 939 175 999 eius
201 939 329 1019 species
351 947 410 998 est.

191 1033 346 1107 Knnnn'2
367 1047 444 1107 urbs
464 1046 582 1107 Indica.
604 1049 640 1107 ln
659 1030 752 1110 Dono
765 1047 954 1109 Mirabilium
975 1048 1106 1130 legitur:
1174 1026 1176 1035 Ι

108 1154 144 1214 lu
167 1172 208 1214 ea
228 1155 372 1215 columna
393 1173 492 1215 aenea
513 1164 576 1239 est,
604 1172 699 1236 snpra
721 1157 891 1238 imaginem
912 1157 1014 1218 anatis
1027 1176 1106 1238 por·

109 1271 181 1324 tans
208 1264 283 1324 item
312 1283 447 1344 aeneam
477 1273 550 1326 ante
579 1285 648 1326 eam
677 1263 749 1327 lons
771 1274 832 1327 est.
875 1265 1001 1344 Quovis
1023 1284 1106 1326 anuo
1136 1279 1139 1284 ·

110 1370 160 1430 die
182 1370 307 1432 decimo
330 1372 642 1433 meusisMuharram
672 1391 750 1434 anas
772 1374 840 1435 alas
866 1371 1027 1454 expandit,
1050 1391 1104 1432 ro·
1134 1358 1137 1376 '

111 1487 213 1540 strum
236 1480 405 1540 insontem
431 1480 567 1541 immittit
588 1481 719 1562 eiusque
746 1499 859 1561 aquam
882 1481 975 1562 bibit,
1001 1487 1067 1541 tum
1088 1499 1107 1540 e

110 1587 257 1648 columna
283 1585 385 1663 effluit
415 1605 497 1666 aqua
528 1589 639 1650 erebra
668 1588 737 1650 urbi
758 1588 934 1671 sullioienS,
965 1596 997 1649 et
1025 1606 1107 1669 quae

110 1695 272 1774 superflua
293 1701 355 1773 est,
379 1694 475 1774 agros
496 1695 616 1778 irrigat.

194 1800 333 1880 Kanna,
356 1800 429 1861 urbs
450 1799 558 1862 Indica
577 1819 695 1881 magua
716 1802 789 1862 altis
809 1802 972 1862 moenibus
980 1794 1157 1880 munita,li9

110 1905 211 1967 hortis
233 1904 415 1983 abundans,
441 1905 628 1966 Brahmanis
647 1906 867 1989 frequentata)
891 1925 986 1987 quam
1006 1907 1110 1967 Musir

111 2014 172 2074 ben
196 2010 350 2072 llluhalhil
373 2013 547 2091 proximam
560 2010 668 2072 Indiae
689 2013 852 2093 regionem
872 2013 968 2074 Sinas
989 2030 1108 2075 versus

112 2140 191 2182 esse
213 2121 287 2181 uicit
309 2130 341 2181 et
364 2122 503 2182 ultimam
517 2121 714 2203 navigiorum
729 2140 766 2182 eo
783 2121 964 2181 vehentium
984 2131 1109 2186 metam.

111 2230 231 2308 Neque
262 2247 331 2290 eam
360 2227 562 2310 praetervehi
590 2229 629 2289 iis
658 2228 739 2288 bene
776 2221 896 2307 oedit3³
930 2247 1003 2289 nam
1032 2227 1111 2289 alias
1166 2294 1168 2302 χ

114 2337 367 2416 submerguntur.
415 2336 461 2396 lbi
492 2336 615 2413 Qalaah
652 2345 720 2415 est,
756 2336 807 2396 ubi
846 2354 940 2397 enses
976 2335 1112 2416 qalaitiei

115 2440 314 2525 enduntnrl,
356 2445 408 2525 qui
433 2444 531 2506 Indici
552 2447 736 2507 nobilissimi
756 2453 830 2506 sunt
850 2464 954 2525 neque
976 2463 1111 2526 usquam

115 2563 271 2614 terrarum
293 2560 416 2631 praeter
438 2552 522 2612 huno
543 2554 648 2614 locum
670 2552 885 2613 conficiuntur.
927 2551 1001 2614 Rex
1025 2553 1112 2615 Sinis

116 2661 284 2722 subiectus
305 2669 356 2720 est
382 2678 484 2738 eoque
512 2660 595 2740 qibla
623 2669 655 2721 et
672 2662 828 2739 'templum
861 2658 1014 2719 directum
1043 2666 1111 2737 est3

118 2768 206 2848 regis
234 2766 380 2827 Sinarum
416 2766 540 2846 legibus
574 2765 747 2825 obstrietus
770 2774 828 2824 est.
858 2763 1018 2846 Credunt,
1040 2763 1114 2824 huie

120 2876 249 2940 obedire
285 2877 425 2937 faustum
456 2885 488 2937 et
521 2883 629 2935 eontra
658 2893 731 2937 eum
761 2861 915 2935 rebellare
944 2873 1114 2933 infaustum

119 2991 178 3051 sibi
202 3008 286 3050 esse.
309 2988 455 3069 Regnum
478 3006 497 3048 a
520 2987 607 3048 Sinis
627 2995 790 3047 trecentas
813 3002 1011 3066 parasangas
1026 2985 1116 3046 abest

205 3082 382 3174 Munrn'u,
405 3095 514 3154 ultima
535 3093 655 3153 urbium
678 3092 855 3154 indicarum
870 3092 967 3155 Sinas
987 3107 1115 3173 versus,

122 3222 253 3284 magna,
277 3205 465 3280 inaccessa,
487 3201 625 3282 munita,
666 3198 751 3280 apud
777 3200 932 3263 Sinenses
959 3207 992 3259 et
1021 3197 1117 3260 Indos

123 3312 231 3393 magni
253 3311 433 3390 aestimata,
456 3309 568 3389 quibus
597 3310 689 3369 locus
718 3305 979 3389 peregrinationis
1006 3313 1038 3366 et
1059 3304 1119 3365 de-

122 3470 355 3482 f———a-”u

143 3589 173 3656 ³)
191 3592 221 3637 ln
238 3587 296 3636 cod.
315 3586 374 3633 erat
391 3566 487 3652 ‘Q
504 3580 574 3642 quod
591 3589 653 3631 num
670 3547 744 3624 recte
761 3567 960 3621 emendaverim
974 3579 1028 3617 non
1039 3579 1119 3629 pror·

194 3715 241 3750 sus
259 3702 350 3747 certus
367 3708 434 3743 sum.

143 3810 174 3875 4)
192 3812 227 3860 ol.
244 3806 408 3868 Freytagius
425 3817 447 3850 s.
467 3816 492 3848 v.
509 3782 591 3882 σὼ
