<?xml version="1.0" encoding="UTF-8"?>
<!DOCTYPE html PUBLIC "-//W3C//DTD XHTML 1.0 Transitional//EN"
    "http://www.w3.org/TR/xhtml1/DTD/xhtml1-transitional.dtd">
<html xmlns="http://www.w3.org/1999/xhtml" xml:lang="en" lang="en">
 <head>
  <title>
</title>
<meta http-equiv="Content-Type" content="text/html;charset=utf-8" />
  <meta name='ocr-system' content='tesseract 3.04.00' />
  <meta name='ocr-capabilities' content='ocr_page ocr_carea ocr_par ocr_line ocrx_word'/>
</head>
<body>
  <div class='ocr_page' id='page_1' title='image "./scriptorumarabu00agoog_0233.png"; bbox 0 0 2474 4500; ppageno 0'>
   <div class='ocr_carea' id='block_1_1' title="bbox 539 286 779 350">
    <p class='ocr_par' dir='ltr' id='par_1_1' title="bbox 539 286 779 350">
     <span class='ocr_line' id='line_1_1' title="bbox 539 286 779 350; baseline 0 -18"><span class='ocrx_word' id='word_1_1' title='bbox 539 320 581 332; x_wconf 81' lang='grc'>-</span> <span class='ocrx_word' id='word_1_2' title='bbox 626 286 779 350; x_wconf 58' lang='grc' dir='ltr'>Μ...</span> 
     </span>
    </p>
   </div>
   <div class='ocr_carea' id='block_1_2' title="bbox 103 449 1182 3435">
    <p class='ocr_par' dir='ltr' id='par_1_2' title="bbox 103 449 1182 3435">
     <span class='ocr_line' id='line_1_2' title="bbox 157 449 1163 559; baseline 0 -28"><span class='ocrx_word' id='word_1_3' title='bbox 157 472 269 533; x_wconf 78' lang='lat' dir='ltr'><strong>lentur.</strong></span> <span class='ocrx_word' id='word_1_4' title='bbox 290 472 362 534; x_wconf 85' lang='lat' dir='ltr'><strong>Arx</strong></span> <span class='ocrx_word' id='word_1_5' title='bbox 382 472 448 533; x_wconf 82' lang='lat' dir='ltr'><strong>alta</strong></span> <span class='ocrx_word' id='word_1_6' title='bbox 469 472 570 559; x_wconf 85' lang='lat' dir='ltr'><strong>fertur</strong></span> <span class='ocrx_word' id='word_1_7' title='bbox 590 488 681 549; x_wconf 83' lang='lat' dir='ltr'><strong>esse3</strong></span> <span class='ocrx_word' id='word_1_8' title='bbox 704 470 868 552; x_wconf 81' lang='lat' dir='ltr'><strong>ignoratur</strong></span> <span class='ocrx_word' id='word_1_9' title='bbox 895 468 969 549; x_wconf 87' lang='lat' dir='ltr'><strong>quid</strong></span> <span class='ocrx_word' id='word_1_10' title='bbox 996 449 1087 533; x_wconf 82' lang='lat' dir='ltr'><strong>intus</strong></span> <span class='ocrx_word' id='word_1_11' title='bbox 1107 466 1163 543; x_wconf 73' lang='lat' dir='ltr'><strong>in,-</strong></span> 
     </span>
     <span class='ocr_line' id='line_1_3' title="bbox 156 574 1162 657; baseline 0.001 -19"><span class='ocrx_word' id='word_1_12' title='bbox 156 577 216 657; x_wconf 88' lang='lat' dir='ltr'><strong>sit;</strong></span> <span class='ocrx_word' id='word_1_13' title='bbox 236 578 347 639; x_wconf 85' lang='lat' dir='ltr'><strong>volunt</strong></span> <span class='ocrx_word' id='word_1_14' title='bbox 368 585 508 640; x_wconf 88' lang='lat' dir='ltr'><strong>mortuos</strong></span> <span class='ocrx_word' id='word_1_15' title='bbox 528 585 563 639; x_wconf 93' lang='lat' dir='ltr'><strong>et</strong></span> <span class='ocrx_word' id='word_1_16' title='bbox 583 594 660 639; x_wconf 87' lang='lat' dir='ltr'><strong>ossa</strong></span> <span class='ocrx_word' id='word_1_17' title='bbox 679 577 779 640; x_wconf 88' lang='lat' dir='ltr'><strong>multa</strong></span> <span class='ocrx_word' id='word_1_18' title='bbox 801 594 841 638; x_wconf 86' lang='lat' dir='ltr'><strong>ea</strong></span> <span class='ocrx_word' id='word_1_19' title='bbox 861 576 1025 639; x_wconf 83' lang='lat' dir='ltr'><strong>ooutineri.</strong></span> <span class='ocrx_word' id='word_1_20' title='bbox 1053 574 1162 639; x_wconf 74' lang='lat' dir='ltr'><strong>nm·</strong></span> 
     </span>
     <span class='ocr_line' id='line_1_4' title="bbox 156 684 1161 767; baseline 0.002 -22"><span class='ocrx_word' id='word_1_21' title='bbox 156 692 219 767; x_wconf 83' lang='lat' dir='ltr'><strong>est,</strong></span> <span class='ocrx_word' id='word_1_22' title='bbox 242 702 351 767; x_wconf 83' lang='lat' dir='ltr'><strong>regem</strong></span> <span class='ocrx_word' id='word_1_23' title='bbox 374 685 512 765; x_wconf 80' lang='lat' dir='ltr'><strong>aliquem</strong></span> <span class='ocrx_word' id='word_1_24' title='bbox 532 686 701 747; x_wconf 75' lang='lat' dir='ltr'><strong>Persicum</strong></span> <span class='ocrx_word' id='word_1_25' title='bbox 721 684 762 746; x_wconf 91' lang='lat' dir='ltr'><strong>ad</strong></span> <span class='ocrx_word' id='word_1_26' title='bbox 783 702 853 746; x_wconf 87' lang='lat' dir='ltr'><strong>eam</strong></span> <span class='ocrx_word' id='word_1_27' title='bbox 873 684 1007 759; x_wconf 75' lang='lat' dir='ltr'><strong>venisse</strong></span> <span class='ocrx_word' id='word_1_28' title='bbox 1028 690 1067 745; x_wconf 83' lang='lat' dir='ltr'><strong>et</strong></span> <span class='ocrx_word' id='word_1_29' title='bbox 1084 694 1161 747; x_wconf 79' lang='lat' dir='ltr'><strong>oum</strong></span> 
     </span>
     <span class='ocr_line' id='line_1_5' title="bbox 155 790 1161 874; baseline 0.001 -20"><span class='ocrx_word' id='word_1_30' title='bbox 155 793 253 854; x_wconf 84' lang='lat' dir='ltr'><strong>soeiis</strong></span> <span class='ocrx_word' id='word_1_31' title='bbox 275 810 381 854; x_wconf 86' lang='lat' dir='ltr'><strong>aroem</strong></span> <span class='ocrx_word' id='word_1_32' title='bbox 404 795 555 873; x_wconf 81' lang='lat' dir='ltr'><strong>intrasse3</strong></span> <span class='ocrx_word' id='word_1_33' title='bbox 582 800 650 855; x_wconf 92' lang='lat' dir='ltr'><strong>tum</strong></span> <span class='ocrx_word' id='word_1_34' title='bbox 677 812 789 855; x_wconf 87' lang='lat' dir='ltr'><strong>somno</strong></span> <span class='ocrx_word' id='word_1_35' title='bbox 811 801 987 874; x_wconf 86' lang='lat' dir='ltr'><strong>oeoupatos</strong></span> <span class='ocrx_word' id='word_1_36' title='bbox 1007 790 1067 854; x_wconf 81' lang='lat' dir='ltr'><strong>eos&#39;</strong></span> <span class='ocrx_word' id='word_1_37' title='bbox 1088 800 1161 855; x_wconf 83' lang='lat' dir='ltr'><strong>tor-</strong></span> 
     </span>
     <span class='ocr_line' id='line_1_6' title="bbox 154 896 1176 981; baseline 0 -22"><span class='ocrx_word' id='word_1_38' title='bbox 154 899 282 981; x_wconf 82' lang='lat' dir='ltr'><strong>puisse,</strong></span> <span class='ocrx_word' id='word_1_39' title='bbox 313 913 354 959; x_wconf 86' lang='lat' dir='ltr'><strong>ao</strong></span> <span class='ocrx_word' id='word_1_40' title='bbox 374 906 502 979; x_wconf 89' lang='lat' dir='ltr'><strong>praeter</strong></span> <span class='ocrx_word' id='word_1_41' title='bbox 527 917 631 981; x_wconf 83' lang='lat' dir='ltr'><strong>uuum,</strong></span> <span class='ocrx_word' id='word_1_42' title='bbox 662 898 715 977; x_wconf 89' lang='lat' dir='ltr'><strong>qui</strong></span> <span class='ocrx_word' id='word_1_43' title='bbox 742 896 782 959; x_wconf 87' lang='lat' dir='ltr'><strong>ad</strong></span> <span class='ocrx_word' id='word_1_44' title='bbox 810 897 940 978; x_wconf 80' lang='lat' dir='ltr'><strong>navigia</strong></span> <span class='ocrx_word' id='word_1_45' title='bbox 967 896 1176 973; x_wconf 70' lang='lat' dir='ltr'><strong>festinanter¹</strong></span> 
     </span>
     <span class='ocr_line' id='line_1_7' title="bbox 154 1001 1161 1086; baseline 0.003 -22"><span class='ocrx_word' id='word_1_46' title='bbox 154 1020 193 1064; x_wconf 86' lang='lat' dir='ltr'><strong>se</strong></span> <span class='ocrx_word' id='word_1_47' title='bbox 213 1005 383 1086; x_wconf 77' lang='lat' dir='ltr'><strong>receperit,</strong></span> <span class='ocrx_word' id='word_1_48' title='bbox 405 1021 515 1066; x_wconf 84' lang='lat' dir='ltr'><strong>omues</strong></span> <span class='ocrx_word' id='word_1_49' title='bbox 538 1004 682 1084; x_wconf 86' lang='lat' dir='ltr'><strong>periisse.</strong></span> <span class='ocrx_word' id='word_1_50' title='bbox 703 1001 948 1083; x_wconf 82' lang='lat' dir='ltr'><strong>Dsu’llrarnain‚</strong></span> <span class='ocrx_word' id='word_1_51' title='bbox 985 1012 1021 1066; x_wconf 92' lang='lat' dir='ltr'><strong>ut</strong></span> <span class='ocrx_word' id='word_1_52' title='bbox 1045 1004 1161 1085; x_wconf 81' lang='lat' dir='ltr'><strong>perlui-</strong></span> 
     </span>
     <span class='ocr_line' id='line_1_8' title="bbox 154 1106 1163 1190; baseline 0.001 -19"><span class='ocrx_word' id='word_1_53' title='bbox 154 1110 249 1190; x_wconf 77' lang='lat' dir='ltr'><strong>bent,</strong></span> <span class='ocrx_word' id='word_1_54' title='bbox 270 1110 302 1169; x_wconf 88' lang='lat' dir='ltr'><strong>in</strong></span> <span class='ocrx_word' id='word_1_55' title='bbox 314 1127 355 1169; x_wconf 88' lang='lat' dir='ltr'><strong>ea</strong></span> <span class='ocrx_word' id='word_1_56' title='bbox 369 1109 514 1170; x_wconf 88' lang='lat' dir='ltr'><strong>homiues</strong></span> <span class='ocrx_word' id='word_1_57' title='bbox 534 1107 614 1169; x_wconf 86' lang='lat' dir='ltr'><strong>vidit</strong></span> <span class='ocrx_word' id='word_1_58' title='bbox 630 1108 785 1188; x_wconf 76' lang='lat' dir='ltr'><strong>capitibus</strong></span> <span class='ocrx_word' id='word_1_59' title='bbox 807 1108 928 1185; x_wconf 82' lang='lat' dir='ltr'><strong>caninis</strong></span> <span class='ocrx_word' id='word_1_60' title='bbox 948 1116 982 1169; x_wconf 87' lang='lat' dir='ltr'><strong>ot</strong></span> <span class='ocrx_word' id='word_1_61' title='bbox 1002 1106 1163 1173; x_wconf 78' lang='lat' dir='ltr'><strong>dentibus¹</strong></span> 
     </span>
     <span class='ocr_line' id='line_1_9' title="bbox 155 1212 1159 1297; baseline -0.002 -22"><span class='ocrx_word' id='word_1_62' title='bbox 155 1233 198 1275; x_wconf 82' lang='lat' dir='ltr'><strong>ex</strong></span> <span class='ocrx_word' id='word_1_63' title='bbox 218 1230 275 1275; x_wconf 82' lang='lat' dir='ltr'><strong>ore</strong></span> <span class='ocrx_word' id='word_1_64' title='bbox 295 1215 542 1295; x_wconf 84' lang='lat' dir='ltr'><strong>prominentibus</strong></span> <span class='ocrx_word' id='word_1_65' title='bbox 562 1213 742 1295; x_wconf 81' lang='lat' dir='ltr'><strong>praeditus,</strong></span> <span class='ocrx_word' id='word_1_66' title='bbox 775 1214 828 1293; x_wconf 88' lang='lat' dir='ltr'><strong>qui</strong></span> <span class='ocrx_word' id='word_1_67' title='bbox 849 1212 920 1273; x_wconf 84' lang='lat' dir='ltr'><strong>eius</strong></span> <span class='ocrx_word' id='word_1_68' title='bbox 937 1212 1070 1297; x_wconf 72' lang='lat' dir='ltr'><strong>navigia</strong></span> <span class='ocrx_word' id='word_1_69' title='bbox 1091 1212 1159 1291; x_wconf 74' lang='lat' dir='ltr'><strong>inp-</strong></span> 
     </span>
     <span class='ocr_line' id='line_1_10' title="bbox 154 1314 1160 1401; baseline 0 -22"><span class='ocrx_word' id='word_1_70' title='bbox 154 1319 347 1401; x_wconf 78' lang='lat' dir='ltr'><strong>puguabaut.</strong></span> <span class='ocrx_word' id='word_1_71' title='bbox 377 1318 465 1381; x_wconf 89' lang='lat' dir='ltr'><strong>Vidit</strong></span> <span class='ocrx_word' id='word_1_72' title='bbox 490 1319 595 1379; x_wconf 89' lang='lat' dir='ltr'><strong>lumen</strong></span> <span class='ocrx_word' id='word_1_73' title='bbox 618 1317 684 1378; x_wconf 90' lang='lat' dir='ltr'><strong>late</strong></span> <span class='ocrx_word' id='word_1_74' title='bbox 705 1314 870 1397; x_wconf 70' lang='lat' dir='ltr'><strong>diffusum,</strong></span> <span class='ocrx_word' id='word_1_75' title='bbox 895 1314 981 1395; x_wconf 90' lang='lat' dir='ltr'><strong>quod</strong></span> <span class='ocrx_word' id='word_1_76' title='bbox 998 1316 1073 1397; x_wconf 82' lang='lat' dir='ltr'><strong>lpse</strong></span> <span class='ocrx_word' id='word_1_77' title='bbox 1092 1314 1160 1379; x_wconf 77' lang='lat' dir='ltr'><strong>hae</strong></span> 
     </span>
     <span class='ocr_line' id='line_1_11' title="bbox 103 1418 1167 1504; baseline -0.008 -13"><span class='ocrx_word' id='word_1_78' title='bbox 103 1430 231 1491; x_wconf 72' lang='lat' dir='ltr'><strong>etune</strong></span> <span class='ocrx_word' id='word_1_79' title='bbox 264 1424 382 1504; x_wconf 87' lang='lat' dir='ltr'><strong>beryllo</strong></span> <span class='ocrx_word' id='word_1_80' title='bbox 409 1420 573 1502; x_wconf 87' lang='lat' dir='ltr'><strong>splendido</strong></span> <span class='ocrx_word' id='word_1_81' title='bbox 600 1428 766 1483; x_wconf 84' lang='lat' dir='ltr'><strong>exstructa</strong></span> <span class='ocrx_word' id='word_1_82' title='bbox 793 1419 1000 1481; x_wconf 88' lang='lat' dir='ltr'><strong>ellioiebatur.</strong></span> <span class='ocrx_word' id='word_1_83' title='bbox 1027 1418 1167 1499; x_wconf 71' lang='lat' dir='ltr'><strong>-Quun&#39;</strong></span> 
     </span>
     <span class='ocr_line' id='line_1_12' title="bbox 155 1524 1160 1609; baseline -0.002 -18"><span class='ocrx_word' id='word_1_84' title='bbox 155 1530 200 1591; x_wconf 89' lang='lat' dir='ltr'><strong>illi</strong></span> <span class='ocrx_word' id='word_1_85' title='bbox 219 1547 263 1590; x_wconf 82' lang='lat' dir='ltr'><strong>ex</strong></span> <span class='ocrx_word' id='word_1_86' title='bbox 283 1548 323 1591; x_wconf 89' lang='lat' dir='ltr'><strong>ea</strong></span> <span class='ocrx_word' id='word_1_87' title='bbox 343 1530 500 1609; x_wconf 76' lang='lat' dir='ltr'><strong>venerint,</strong></span> <span class='ocrx_word' id='word_1_88' title='bbox 522 1548 560 1589; x_wconf 91' lang='lat' dir='ltr'><strong>eo</strong></span> <span class='ocrx_word' id='word_1_89' title='bbox 582 1527 741 1606; x_wconf 77' lang='lat' dir='ltr'><strong>appellere</strong></span> <span class='ocrx_word' id='word_1_90' title='bbox 761 1526 880 1604; x_wconf 88' lang='lat' dir='ltr'><strong>voluit,</strong></span> <span class='ocrx_word' id='word_1_91' title='bbox 905 1524 964 1586; x_wconf 90' lang='lat' dir='ltr'><strong>sed</strong></span> <span class='ocrx_word' id='word_1_92' title='bbox 984 1524 1160 1607; x_wconf 80' lang='lat' dir='ltr'><strong>impeditus</strong></span> 
     </span>
     <span class='ocr_line' id='line_1_13' title="bbox 156 1624 1179 1725; baseline -0.003 -28"><span class='ocrx_word' id='word_1_93' title='bbox 156 1644 210 1697; x_wconf 81' lang='lat' dir='ltr'><strong>eat</strong></span> <span class='ocrx_word' id='word_1_94' title='bbox 240 1652 263 1697; x_wconf 86' lang='lat' dir='ltr'><strong>a</strong></span> <span class='ocrx_word' id='word_1_95' title='bbox 294 1633 454 1696; x_wconf 75' lang='lat' dir='ltr'><strong>Bahriamo</strong></span> <span class='ocrx_word' id='word_1_96' title='bbox 482 1632 670 1715; x_wconf 87' lang='lat' dir='ltr'><strong>philosopho</strong></span> <span class='ocrx_word' id='word_1_97' title='bbox 705 1630 821 1716; x_wconf 81' lang='lat' dir='ltr'><strong>Indo,.</strong></span> <span class='ocrx_word' id='word_1_98' title='bbox 840 1633 896 1713; x_wconf 86' lang='lat' dir='ltr'><strong>qui</strong></span> <span class='ocrx_word' id='word_1_99' title='bbox 930 1624 1003 1693; x_wconf 84' lang='lat' dir='ltr'><strong>eum</strong></span> <span class='ocrx_word' id='word_1_100' title='bbox 1033 1630 1179 1725; x_wconf 66' lang='lat' dir='ltr'><strong>«dtinuit,⁸</strong></span> 
     </span>
     <span class='ocr_line' id='line_1_14' title="bbox 157 1738 1182 1823; baseline -0.006 -20"><span class='ocrx_word' id='word_1_101' title='bbox 157 1740 304 1821; x_wconf 85' lang='lat' dir='ltr'><strong>quemvis</strong></span> <span class='ocrx_word' id='word_1_102' title='bbox 330 1739 372 1801; x_wconf 85' lang='lat' dir='ltr'><strong>ibr</strong></span> <span class='ocrx_word' id='word_1_103' title='bbox 398 1741 564 1802; x_wconf 80' lang='lat' dir='ltr'><strong>intrantem</strong></span> <span class='ocrx_word' id='word_1_104' title='bbox 589 1757 702 1802; x_wconf 89' lang='lat' dir='ltr'><strong>somno</strong></span> <span class='ocrx_word' id='word_1_105' title='bbox 730 1746 764 1800; x_wconf 91' lang='lat' dir='ltr'><strong>et</strong></span> <span class='ocrx_word' id='word_1_106' title='bbox 789 1739 883 1800; x_wconf 88' lang='lat' dir='ltr'><strong>animi</strong></span> <span class='ocrx_word' id='word_1_107' title='bbox 904 1738 1182 1823; x_wconf 53' lang='lat' dir='ltr'><strong>deliquioeapb.</strong></span> 
     </span>
     <span class='ocr_line' id='line_1_15' title="bbox 154 1845 1159 1926; baseline -0.001 -18"><span class='ocrx_word' id='word_1_108' title='bbox 154 1848 200 1911; x_wconf 77' lang='lat' dir='ltr'><strong>ite</strong></span> <span class='ocrx_word' id='word_1_109' title='bbox 228 1856 264 1909; x_wconf 91' lang='lat' dir='ltr'><strong>ut</strong></span> <span class='ocrx_word' id='word_1_110' title='bbox 290 1847 379 1909; x_wconf 83' lang='lat' dir='ltr'><strong>exire</strong></span> <span class='ocrx_word' id='word_1_111' title='bbox 409 1847 556 1926; x_wconf 87' lang='lat' dir='ltr'><strong>nequiret</strong></span> <span class='ocrx_word' id='word_1_112' title='bbox 584 1854 617 1907; x_wconf 89' lang='lat' dir='ltr'><strong>et</strong></span> <span class='ocrx_word' id='word_1_113' title='bbox 644 1845 685 1907; x_wconf 92' lang='lat' dir='ltr'><strong>ab</strong></span> <span class='ocrx_word' id='word_1_114' title='bbox 712 1846 773 1906; x_wconf 90' lang='lat' dir='ltr'><strong>illis</strong></span> <span class='ocrx_word' id='word_1_115' title='bbox 799 1852 1010 1926; x_wconf 69' lang='lat' dir='ltr'><strong>superaretur.</strong></span> <span class='ocrx_word' id='word_1_116' title='bbox 1056 1846 1159 1925; x_wconf 70' lang='lat' dir='ltr'><strong>Mare</strong></span> 
     </span>
     <span class='ocr_line' id='line_1_16' title="bbox 152 1953 1157 2043; baseline -0.008 -24"><span class='ocrx_word' id='word_1_117' title='bbox 152 1956 217 2019; x_wconf 83' lang='lat' dir='ltr'><strong>boo</strong></span> <span class='ocrx_word' id='word_1_118' title='bbox 235 1954 473 2019; x_wconf 77' lang='lat' dir='ltr'><strong>innumerabilia</strong></span> <span class='ocrx_word' id='word_1_119' title='bbox 494 1955 635 2017; x_wconf 87' lang='lat' dir='ltr'><strong>eontinet</strong></span> <span class='ocrx_word' id='word_1_120' title='bbox 655 1953 817 2015; x_wconf 84' lang='lat' dir='ltr'><strong>miracula.</strong></span> <span class='ocrx_word' id='word_1_121' title='bbox 1153 2034 1157 2043; x_wconf 36' lang='grc' dir='ltr'>Ι</span> 
     </span>
     <span class='ocr_line' id='line_1_17' title="bbox 211 2048 1177 2149; baseline -0.001 -21"><span class='ocrx_word' id='word_1_122' title='bbox 211 2138 215 2147; x_wconf 43' lang='grc'>,</span> <span class='ocrx_word' id='word_1_123' title='bbox 235 2064 359 2127; x_wconf 76' lang='lat' dir='ltr'><strong>Sinum</strong></span> <span class='ocrx_word' id='word_1_124' title='bbox 381 2073 466 2125; x_wconf 88' lang='lat' dir='ltr'><strong>terra</strong></span> <span class='ocrx_word' id='word_1_125' title='bbox 480 2062 600 2125; x_wconf 89' lang='lat' dir='ltr'><strong>Indiam</strong></span> <span class='ocrx_word' id='word_1_126' title='bbox 620 2063 715 2143; x_wconf 82' lang='lat' dir='ltr'><strong>inter,</strong></span> <span class='ocrx_word' id='word_1_127' title='bbox 728 2061 920 2124; x_wconf 72' lang='lat' dir='ltr'><strong>Kermbnam</strong></span> <span class='ocrx_word' id='word_1_128' title='bbox 931 2068 965 2125; x_wconf 85' lang='lat' dir='ltr'><strong>et</strong></span> <span class='ocrx_word' id='word_1_129' title='bbox 978 2048 1161 2149; x_wconf 47' lang='lat' dir='ltr'><strong>Sag&#39;astbss</strong></span> <span class='ocrx_word' id='word_1_130' title='bbox 1173 2064 1177 2071; x_wconf 86' lang='lat'>&#39;</span> 
     </span>
     <span class='ocr_line' id='line_1_18' title="bbox 152 2150 1158 2255; baseline 0 -22"><span class='ocrx_word' id='word_1_131' title='bbox 152 2150 226 2233; x_wconf 80' lang='lat' dir='ltr'><strong>nem</strong></span> <span class='ocrx_word' id='word_1_132' title='bbox 247 2172 320 2233; x_wconf 72' lang='lat' dir='ltr'><strong>sita„</strong></span> <span class='ocrx_word' id='word_1_133' title='bbox 361 2169 448 2231; x_wconf 89' lang='lat' dir='ltr'><strong>Hind</strong></span> <span class='ocrx_word' id='word_1_134' title='bbox 461 2204 464 2209; x_wconf 93' lang='lat'>·</span> <span class='ocrx_word' id='word_1_135' title='bbox 477 2178 510 2230; x_wconf 92' lang='lat' dir='ltr'><strong>et</strong></span> <span class='ocrx_word' id='word_1_136' title='bbox 530 2168 610 2230; x_wconf 88' lang='lat' dir='ltr'><strong>Sind</strong></span> <span class='ocrx_word' id='word_1_137' title='bbox 635 2170 752 2230; x_wconf 84' lang='lat' dir='ltr'><strong>fratres</strong></span> <span class='ocrx_word' id='word_1_138' title='bbox 777 2169 878 2230; x_wconf 82' lang='lat' dir='ltr'><strong>fuisse</strong></span> <span class='ocrx_word' id='word_1_139' title='bbox 902 2168 1047 2231; x_wconf 78' lang='lat' dir='ltr'><strong>dicuntur</strong></span> <span class='ocrx_word' id='word_1_140' title='bbox 1070 2188 1093 2255; x_wconf 80' lang='lat' dir='ltr'><strong>e</strong></span> <span class='ocrx_word' id='word_1_141' title='bbox 1113 2170 1158 2233; x_wconf 90' lang='lat' dir='ltr'><strong>li-</strong></span> 
     </span>
     <span class='ocr_line' id='line_1_19' title="bbox 152 2276 1155 2358; baseline 0.001 -18"><span class='ocrx_word' id='word_1_142' title='bbox 152 2280 237 2341; x_wconf 86' lang='lat' dir='ltr'><strong>beris</strong></span> <span class='ocrx_word' id='word_1_143' title='bbox 263 2278 376 2340; x_wconf 82' lang='lat' dir='ltr'><strong>Yufari</strong></span> <span class='ocrx_word' id='word_1_144' title='bbox 403 2278 425 2338; x_wconf 82' lang='lat' dir='ltr'><strong>f.</strong></span> <span class='ocrx_word' id='word_1_145' title='bbox 451 2277 592 2339; x_wconf 90' lang='lat' dir='ltr'><strong>Yoktani</strong></span> <span class='ocrx_word' id='word_1_146' title='bbox 616 2276 639 2338; x_wconf 86' lang='lat' dir='ltr'><strong>s.</strong></span> <span class='ocrx_word' id='word_1_147' title='bbox 666 2277 763 2339; x_wconf 77' lang='lat' dir='ltr'><strong>Himi</strong></span> <span class='ocrx_word' id='word_1_148' title='bbox 789 2276 811 2338; x_wconf 79' lang='lat' dir='ltr'><strong>l.</strong></span> <span class='ocrx_word' id='word_1_149' title='bbox 839 2279 936 2340; x_wconf 86' lang='lat' dir='ltr'><strong>Noae</strong></span> <span class='ocrx_word' id='word_1_150' title='bbox 962 2276 1155 2358; x_wconf 79' lang='lat' dir='ltr'><strong>prophetae.</strong></span> 
     </span>
     <span class='ocr_line' id='line_1_20' title="bbox 152 2382 1156 2465; baseline 0 -18"><span class='ocrx_word' id='word_1_151' title='bbox 152 2388 190 2447; x_wconf 86' lang='lat' dir='ltr'><strong>ln</strong></span> <span class='ocrx_word' id='word_1_152' title='bbox 211 2403 251 2447; x_wconf 89' lang='lat' dir='ltr'><strong>ea</strong></span> <span class='ocrx_word' id='word_1_153' title='bbox 271 2384 387 2446; x_wconf 91' lang='lat' dir='ltr'><strong>domus</strong></span> <span class='ocrx_word' id='word_1_154' title='bbox 408 2401 506 2444; x_wconf 89' lang='lat' dir='ltr'><strong>aurea</strong></span> <span class='ocrx_word' id='word_1_155' title='bbox 536 2390 605 2464; x_wconf 78' lang='lat' dir='ltr'><strong>est,</strong></span> <span class='ocrx_word' id='word_1_156' title='bbox 636 2382 677 2444; x_wconf 93' lang='lat' dir='ltr'><strong>de</strong></span> <span class='ocrx_word' id='word_1_157' title='bbox 703 2401 767 2465; x_wconf 87' lang='lat' dir='ltr'><strong>qua</strong></span> <span class='ocrx_word' id='word_1_158' title='bbox 786 2384 891 2445; x_wconf 85' lang='lat' dir='ltr'><strong>Musir</strong></span> <span class='ocrx_word' id='word_1_159' title='bbox 914 2385 976 2447; x_wconf 86' lang='lat' dir='ltr'><strong>ben</strong></span> <span class='ocrx_word' id='word_1_160' title='bbox 995 2384 1156 2461; x_wconf 78' lang='lat' dir='ltr'><strong>Muhalbil</strong></span> 
     </span>
     <span class='ocr_line' id='line_1_21' title="bbox 150 2488 1173 2555; baseline 0.002 -2"><span class='ocrx_word' id='word_1_161' title='bbox 150 2491 234 2553; x_wconf 87' lang='lat' dir='ltr'><strong>haee</strong></span> <span class='ocrx_word' id='word_1_162' title='bbox 262 2498 382 2553; x_wconf 85' lang='lat' dir='ltr'><strong>narrat:</strong></span> <span class='ocrx_word' id='word_1_163' title='bbox 419 2489 550 2551; x_wconf 84' lang='lat' dir='ltr'><strong>visitavi</strong></span> <span class='ocrx_word' id='word_1_164' title='bbox 582 2489 709 2551; x_wconf 91' lang='lat' dir='ltr'><strong>domum</strong></span> <span class='ocrx_word' id='word_1_165' title='bbox 739 2507 867 2552; x_wconf 88' lang='lat' dir='ltr'><strong>auream</strong></span> <span class='ocrx_word' id='word_1_166' title='bbox 899 2488 1173 2555; x_wconf 73' lang='lat' dir='ltr'><strong>eelebenima&#39;mt&#39;</strong></span> 
     </span>
     <span class='ocr_line' id='line_1_22' title="bbox 151 2597 1155 2683; baseline 0.004 -26"><span class='ocrx_word' id='word_1_167' title='bbox 151 2604 204 2657; x_wconf 88' lang='lat' dir='ltr'><strong>est</strong></span> <span class='ocrx_word' id='word_1_168' title='bbox 223 2615 300 2658; x_wconf 88' lang='lat' dir='ltr'><strong>auro</strong></span> <span class='ocrx_word' id='word_1_169' title='bbox 323 2603 488 2659; x_wconf 75' lang='lat' dir='ltr'><strong>exstructa</strong></span> <span class='ocrx_word' id='word_1_170' title='bbox 508 2598 538 2657; x_wconf 90' lang='lat' dir='ltr'><strong>in</strong></span> <span class='ocrx_word' id='word_1_171' title='bbox 564 2597 691 2677; x_wconf 85' lang='lat' dir='ltr'><strong>planitie</strong></span> <span class='ocrx_word' id='word_1_172' title='bbox 718 2616 777 2676; x_wconf 87' lang='lat' dir='ltr'><strong>per</strong></span> <span class='ocrx_word' id='word_1_173' title='bbox 797 2608 929 2679; x_wconf 88' lang='lat' dir='ltr'><strong>quatuor</strong></span> <span class='ocrx_word' id='word_1_174' title='bbox 948 2616 1155 2683; x_wconf 75' lang='lat' dir='ltr'><strong>parasangas</strong></span> 
     </span>
     <span class='ocr_line' id='line_1_23' title="bbox 149 2699 1154 2786; baseline 0.004 -21"><span class='ocrx_word' id='word_1_175' title='bbox 149 2710 293 2786; x_wconf 85' lang='lat' dir='ltr'><strong>patente,</strong></span> <span class='ocrx_word' id='word_1_176' title='bbox 320 2721 416 2784; x_wconf 87' lang='lat' dir='ltr'><strong>supra</strong></span> <span class='ocrx_word' id='word_1_177' title='bbox 435 2722 531 2785; x_wconf 87' lang='lat' dir='ltr'><strong>quam</strong></span> <span class='ocrx_word' id='word_1_178' title='bbox 551 2703 607 2764; x_wconf 88' lang='lat' dir='ltr'><strong>nix</strong></span> <span class='ocrx_word' id='word_1_179' title='bbox 620 2722 683 2765; x_wconf 89' lang='lat' dir='ltr'><strong>nou</strong></span> <span class='ocrx_word' id='word_1_180' title='bbox 699 2699 828 2785; x_wconf 77' lang='lat' dir='ltr'><strong>dedidit,</strong></span> <span class='ocrx_word' id='word_1_181' title='bbox 842 2705 905 2765; x_wconf 89' lang='lat' dir='ltr'><strong>etsi</strong></span> <span class='ocrx_word' id='word_1_182' title='bbox 915 2705 1154 2769; x_wconf 81' lang='lat' dir='ltr'><strong>oiretrmiaoen-</strong></span> 
     </span>
     <span class='ocr_line' id='line_1_24' title="bbox 150 2807 1154 2895; baseline 0.005 -23"><span class='ocrx_word' id='word_1_183' title='bbox 150 2818 214 2872; x_wconf 88' lang='lat' dir='ltr'><strong>tem</strong></span> <span class='ocrx_word' id='word_1_184' title='bbox 235 2812 399 2893; x_wconf 81' lang='lat' dir='ltr'><strong>regionem</strong></span> <span class='ocrx_word' id='word_1_185' title='bbox 421 2819 520 2892; x_wconf 86' lang='lat' dir='ltr'><strong>tegat.</strong></span> <span class='ocrx_word' id='word_1_186' title='bbox 562 2813 598 2871; x_wconf 90' lang='lat' dir='ltr'><strong>lu</strong></span> <span class='ocrx_word' id='word_1_187' title='bbox 625 2828 664 2871; x_wconf 90' lang='lat' dir='ltr'><strong>ea</strong></span> <span class='ocrx_word' id='word_1_188' title='bbox 693 2807 786 2871; x_wconf 91' lang='lat' dir='ltr'><strong>domo</strong></span> <span class='ocrx_word' id='word_1_189' title='bbox 815 2818 902 2872; x_wconf 85' lang='lat' dir='ltr'><strong>astra</strong></span> <span class='ocrx_word' id='word_1_190' title='bbox 923 2810 1154 2895; x_wconf 62' lang='lat' dir='ltr'><strong>observantem</strong></span> 
     </span>
     <span class='ocr_line' id='line_1_25' title="bbox 149 2912 1153 2997; baseline 0.001 -18"><span class='ocrx_word' id='word_1_191' title='bbox 149 2935 223 2979; x_wconf 84' lang='lat' dir='ltr'><strong>earn</strong></span> <span class='ocrx_word' id='word_1_192' title='bbox 241 2914 311 2979; x_wconf 88' lang='lat' dir='ltr'><strong>ludi</strong></span> <span class='ocrx_word' id='word_1_193' title='bbox 332 2925 366 2978; x_wconf 92' lang='lat' dir='ltr'><strong>et</strong></span> <span class='ocrx_word' id='word_1_194' title='bbox 390 2918 477 2996; x_wconf 85' lang='lat' dir='ltr'><strong>magi</strong></span> <span class='ocrx_word' id='word_1_195' title='bbox 503 2923 703 2976; x_wconf 86' lang='lat' dir='ltr'><strong>venerantur.</strong></span> <span class='ocrx_word' id='word_1_196' title='bbox 745 2912 842 2995; x_wconf 90' lang='lat' dir='ltr'><strong>Apud</strong></span> <span class='ocrx_word' id='word_1_197' title='bbox 864 2932 980 2997; x_wconf 83' lang='lat' dir='ltr'><strong>magos</strong></span> <span class='ocrx_word' id='word_1_198' title='bbox 1000 2916 1153 2997; x_wconf 73' lang='lat' dir='ltr'><strong>planities</strong></span> 
     </span>
     <span class='ocr_line' id='line_1_26' title="bbox 149 3023 1152 3106; baseline 0.006 -20"><span class='ocrx_word' id='word_1_199' title='bbox 149 3026 273 3088; x_wconf 90' lang='lat' dir='ltr'><strong>nomine</strong></span> <span class='ocrx_word' id='word_1_200' title='bbox 293 3024 467 3087; x_wconf 83' lang='lat' dir='ltr'><strong>Zardusbti</strong></span> <span class='ocrx_word' id='word_1_201' title='bbox 485 3023 660 3106; x_wconf 85' lang='lat' dir='ltr'><strong>insignitur.</strong></span> <span class='ocrx_word' id='word_1_202' title='bbox 696 3023 826 3105; x_wconf 77' lang='lat' dir='ltr'><strong>Fertur,</strong></span> <span class='ocrx_word' id='word_1_203' title='bbox 849 3023 878 3084; x_wconf 90' lang='lat' dir='ltr'><strong>si</strong></span> <span class='ocrx_word' id='word_1_204' title='bbox 901 3025 972 3104; x_wconf 87' lang='lat' dir='ltr'><strong>quis</strong></span> <span class='ocrx_word' id='word_1_205' title='bbox 991 3044 1036 3087; x_wconf 84' lang='lat' dir='ltr'><strong>ex</strong></span> <span class='ocrx_word' id='word_1_206' title='bbox 1053 3024 1152 3093; x_wconf 69' lang='lat' dir='ltr'><strong>inmu-¹</strong></span> 
     </span>
     <span class='ocr_line' id='line_1_27' title="bbox 148 3122 1156 3215; baseline 0.005 -24"><span class='ocrx_word' id='word_1_207' title='bbox 148 3130 190 3192; x_wconf 85' lang='lat' dir='ltr'><strong>lis</strong></span> <span class='ocrx_word' id='word_1_208' title='bbox 222 3130 319 3193; x_wconf 77' lang='lat' dir='ltr'><strong>liuius</strong></span> <span class='ocrx_word' id='word_1_209' title='bbox 357 3129 497 3211; x_wconf 81' lang='lat' dir='ltr'><strong>regionis</strong></span> <span class='ocrx_word' id='word_1_210' title='bbox 535 3130 767 3211; x_wconf 86' lang='lat' dir='ltr'><strong>expeditionem</strong></span> <span class='ocrx_word' id='word_1_211' title='bbox 803 3133 901 3195; x_wconf 84' lang='lat' dir='ltr'><strong>faeiat</strong></span> <span class='ocrx_word' id='word_1_212' title='bbox 936 3131 979 3194; x_wconf 84' lang='lat' dir='ltr'><strong>ad</strong></span> <span class='ocrx_word' id='word_1_213' title='bbox 1010 3122 1156 3215; x_wconf 74' lang='lat' dir='ltr'><strong>regnum</strong></span> 
     </span>
     <span class='ocr_line' id='line_1_28' title="bbox 149 3230 1152 3324; baseline 0.006 -24"><span class='ocrx_word' id='word_1_214' title='bbox 149 3230 405 3322; x_wconf 82' lang='lat' dir='ltr'><strong>expugnandum,</strong></span> <span class='ocrx_word' id='word_1_215' title='bbox 435 3258 508 3301; x_wconf 92' lang='lat' dir='ltr'><strong>eum</strong></span> <span class='ocrx_word' id='word_1_216' title='bbox 528 3258 592 3301; x_wconf 90' lang='lat' dir='ltr'><strong>non</strong></span> <span class='ocrx_word' id='word_1_217' title='bbox 611 3242 697 3302; x_wconf 88' lang='lat' dir='ltr'><strong>vinei</strong></span> <span class='ocrx_word' id='word_1_218' title='bbox 716 3260 822 3324; x_wconf 88' lang='lat' dir='ltr'><strong>neque</strong></span> <span class='ocrx_word' id='word_1_219' title='bbox 844 3244 873 3304; x_wconf 88' lang='lat' dir='ltr'><strong>ei</strong></span> <span class='ocrx_word' id='word_1_220' title='bbox 893 3241 998 3324; x_wconf 84' lang='lat' dir='ltr'><strong>fugari</strong></span> <span class='ocrx_word' id='word_1_221' title='bbox 1017 3244 1152 3307; x_wconf 83' lang='lat' dir='ltr'><strong>exerei-</strong></span> 
     </span>
     <span class='ocr_line' id='line_1_29' title="bbox 149 3348 1149 3435; baseline 0.005 -25"><span class='ocrx_word' id='word_1_222' title='bbox 149 3358 234 3431; x_wconf 81' lang='lat' dir='ltr'><strong>tum,</strong></span> <span class='ocrx_word' id='word_1_223' title='bbox 255 3348 436 3431; x_wconf 89' lang='lat' dir='ltr'><strong>ubieunque</strong></span> <span class='ocrx_word' id='word_1_224' title='bbox 455 3350 599 3412; x_wconf 86' lang='lat' dir='ltr'><strong>voluerit</strong></span> <span class='ocrx_word' id='word_1_225' title='bbox 621 3350 803 3415; x_wconf 84' lang='lat' dir='ltr'><strong>Alexander</strong></span> <span class='ocrx_word' id='word_1_226' title='bbox 817 3359 990 3433; x_wconf 86' lang='lat' dir='ltr'><strong>postquam</strong></span> <span class='ocrx_word' id='word_1_227' title='bbox 1009 3356 1068 3415; x_wconf 78' lang='lat' dir='ltr'><strong>ea&#39;a</strong></span> <span class='ocrx_word' id='word_1_228' title='bbox 1088 3370 1149 3435; x_wconf 80' lang='lat' dir='ltr'><strong>rp-</strong></span> 
     </span>
    </p>
   </div>
   <div class='ocr_carea' id='block_1_3' title="bbox 167 3642 1150 3843">
    <p class='ocr_par' dir='ltr' id='par_1_3' title="bbox 167 3642 1150 3843">
     <span class='ocr_line' id='line_1_30' title="bbox 167 3642 1150 3749; baseline 0.006 -17"><span class='ocrx_word' id='word_1_229' title='bbox 167 3680 197 3749; x_wconf 86' lang='lat' dir='ltr'><strong>l)</strong></span> <span class='ocrx_word' id='word_1_230' title='bbox 214 3681 256 3733; x_wconf 79' lang='lat' dir='ltr'><strong>Gt.</strong></span> <span class='ocrx_word' id='word_1_231' title='bbox 273 3694 356 3745; x_wconf 81' lang='lat' dir='ltr'><strong>supra</strong></span> <span class='ocrx_word' id='word_1_232' title='bbox 371 3684 420 3733; x_wconf 85' lang='lat' dir='ltr'><strong>lbn</strong></span> <span class='ocrx_word' id='word_1_233' title='bbox 435 3685 540 3748; x_wconf 80' lang='lat' dir='ltr'><strong>llauqal</strong></span> <span class='ocrx_word' id='word_1_234' title='bbox 562 3699 588 3747; x_wconf 89' lang='lat' dir='ltr'><strong>p.</strong></span> <span class='ocrx_word' id='word_1_235' title='bbox 610 3686 652 3738; x_wconf 78' lang='lat'><strong>86.</strong></span> <span class='ocrx_word' id='word_1_236' title='bbox 676 3686 749 3735; x_wconf 72' lang='grc' dir='ltr'>’Νοιι</span> <span class='ocrx_word' id='word_1_237' title='bbox 768 3684 862 3735; x_wconf 83' lang='lat' dir='ltr'><strong>inutile</strong></span> <span class='ocrx_word' id='word_1_238' title='bbox 873 3642 978 3737; x_wconf 44' lang='lat' dir='ltr'><strong>&#39;visun</strong></span> <span class='ocrx_word' id='word_1_239' title='bbox 992 3686 1037 3735; x_wconf 70' lang='lat' dir='ltr'><strong>est</strong></span> <span class='ocrx_word' id='word_1_240' title='bbox 1056 3684 1150 3737; x_wconf 77' lang='lat' dir='ltr'><strong>vernt·</strong></span> 
     </span>
     <span class='ocr_line' id='line_1_31' title="bbox 215 3774 1149 3843; baseline 0.009 -20"><span class='ocrx_word' id='word_1_241' title='bbox 215 3774 356 3840; x_wconf 79' lang='lat' dir='ltr'><strong>lptbaklrrti</strong></span> <span class='ocrx_word' id='word_1_242' title='bbox 372 3775 489 3827; x_wconf 78' lang='lat' dir='ltr'><strong>adlidere</strong></span> <span class='ocrx_word' id='word_1_243' title='bbox 505 3789 553 3827; x_wconf 86' lang='lat' dir='ltr'><strong>eas</strong></span> <span class='ocrx_word' id='word_1_244' title='bbox 569 3777 710 3843; x_wconf 82' lang='lat' dir='ltr'><strong>leetlouee,</strong></span> <span class='ocrx_word' id='word_1_245' title='bbox 726 3777 819 3841; x_wconf 71' lang='lat' dir='ltr'><strong>qubus</strong></span> <span class='ocrx_word' id='word_1_246' title='bbox 836 3777 906 3827; x_wconf 84' lang='lat' dir='ltr'><strong>idem</strong></span> <span class='ocrx_word' id='word_1_247' title='bbox 921 3776 999 3828; x_wconf 78' lang='lat' dir='ltr'><strong>loeus</strong></span> <span class='ocrx_word' id='word_1_248' title='bbox 1015 3776 1043 3827; x_wconf 86' lang='lat' dir='ltr'><strong>ln</strong></span> <span class='ocrx_word' id='word_1_249' title='bbox 1056 3778 1149 3831; x_wconf 71' lang='lat' dir='ltr'><strong>altero</strong></span> 
     </span>
    </p>
   </div>
   <div class='ocr_carea' id='block_1_4' title="bbox 0 0 1242 4500">
    <p class='ocr_par' dir='ltr' id='par_1_4' title="bbox 0 0 1242 4500">
     <span class='ocr_line' id='line_1_32' title="bbox 0 0 1242 4500; baseline 0 4"><span class='ocrx_word' id='word_1_250' title='bbox 0 0 1242 4500; x_wconf 95' lang='lat' dir='ltr'><strong> </strong></span> 
     </span>
    </p>
   </div>
  </div>
 </body>
</html>
