2474 4500
508 307 715 372 ..19-

191 487 328 557 Ubinam
347 490 503 575 Manpure
523 490 619 553 fuerit
632 490 706 572 sito,
725 489 765 552 lin
785 498 847 571 est,
873 506 915 551 ec
934 488 1019 553 duae
1042 488 1107 552 im-

117 594 219 677 primis
239 597 404 677 opiniones
424 604 509 658 runt.
541 594 594 658 ux
613 596 713 657 altero
735 593 847 656 eodem
864 595 942 657 urba
961 601 1024 677 eet,
1052 600 1109 655 ab·

118 721 171 785 que
191 704 315 787 Bakdr7
337 696 421 784 quod
441 702 570 766 tradunt
590 701 752 784 Abulsacl,
775 700 1002 765 'l'ieffentheler
1018 710 1051 764 et
1063 720 1107 763 ex

115 809 262 874 hodierna
281 811 458 894 traditione,
480 818 517 873 ut
532 810 674 893 videtur,
694 811 885 891 Buruesiue3
905 811 1108 874 huicaccee·

116 918 152 981 ait
170 918 413 998 vincentino¹¹3
445 925 559 980 contra
585 917 698 980 eodem
723 920 795 981 loco
823 938 895 981 enm
922 919 1026 981 fnieoe
1053 918 1109 981 ubi

79 1020 89 1037 ‘
114 1035 223 1107 porea
259 1044 341 1089 euno
375 1024 437 1088 751
469 1023 550 1104 (inc.
584 1026 633 1087 10.
659 1027 756 1088 Mart.
792 1026 890 1098 1350)
927 1027 1109 1110 Nicirpura
1183 1034 1187 1051 “

116 1132 239 1197 condita
260 1141 324 1214 eet,
344 1130 506 1196 contendit
525 1133 705 1195 Denvillius
724 1140 758 1194 et
778 1152 881 1214 nuper
905 1132 939 1195 id
966 1134 1110 1197 defendit

114 1240 277 1305 lfflurdo
298 1242 477 1307 seomdun
492 1243 700 1305 recentiorem
720 1242 876 1323 quendem
901 1242 1031 1322 librum,
1067 1244 1110 1306 de

114 1366 170 1433 quo
189 1357 320 1431 praeter
338 1350 460 1411 titulum
481 1347 649 1440 edwi
675 1352 786 1437 ..ΑΒ
810 1348 883 1414 nihil
910 1366 1109 1413 commemo-

114 1470 200 1537 nr'2.
211 1473 524 1555 Quumpcsteonihil
539 1476 663 1539 omnino
681 1477 774 1540 deca
789 1478 942 1562 traducor,
963 1479 1108 1561 quaestio

115 1601 153 1646 ex
166 1583 358 1664 aequalibus
374 1591 494 1647 tantum
510 1583 715 1664 scriptoribus
729 1582 892 1648 diiudicari
906 1591 1023 1667 potest.
1037 1580 1110 1644 uter

115 1710 152 1755 ex
171 1691 281 1753 multis
302 1690 500 1773 testimoniis,
530 1708 611 1771 quae
631 1688 784 1754 debuine
812 1692 876 1755 loci
898 1692 939 1756 eb
960 1691 1031 1754 aliis
1058 1689 1112 1752 di-

114 1802 228 1865 otautie
245 1800 371 1883 dentur,
392 1807 743 1881 proptermennurarum
751 1801 994 1864 inconstantium
1005 1808 1038 1862 et
1049 1799 1111 1861 eli-

113 1926 197 1973 uum
218 1911 343 1972 urbium
363 1908 460 1971 situm
480 1909 575 1971 etiem
596 1909 700 1991 magis
722 1911 875 1973 incertum
900 1908 1110 1993 nihilcolligi

114 2027 230 2101 potest,
254 2017 417 2079 sufficiunt
437 2024 544 2078 tamen
564 2016 686 2099 relique
713 2015 840 2102 indicia,
869 2016 984 2097 quibus
1010 2017 1111 2078 Men-

114 2118 221 2207 pdram
249 2115 405 2184 e'Bakdr
439 2142 502 2184 non
538 2120 640 2183 fuisse
678 2121 837 2184 diversum
870 2122 1110 2184 demonstretur.

112 2231 251 2295 Primum
258 2239 379 2293 certum
388 2236 450 2313 est,
472 2226 712 2313 Mancdromad
725 2228 954 2294 oocidentalem
974 2229 1044 2292 Iudi
1063 2230 1110 2292 ri-
1152 2234 1169 2255 ·

112 2358 181 2423 pom
202 2340 300 2402 sitem
320 2339 429 2420 fuisse,
459 2345 494 2399 ut
517 2336 635 2399 diserte
655 2336 749 2399 tradit
764 2334 981 2421 Googrephus
1001 2319 1115 2399 Nubi-'

113 2441 239 2510 enein'³.
259 2446 317 2508 Ibn
329 2444 459 2526 Houqal
474 2464 546 2507 eom
566 2445 598 2506 in
617 2442 720 2507 insula
739 2464 760 2506 a
780 2442 869 2507 fluvii
890 2443 1019 2506 brechio
1040 2442 1133 2506 sor-·

112 2564 194 2619 nata
214 2555 322 2616 iacere
349 2563 443 2636 atque
471 2573 556 2640 eum,
588 2552 641 2637 qui
671 2571 692 2615 e
718 2552 833 2616 Doibal
858 2555 936 2616 urbe
958 2552 1111 2617 orientem

128 2809 161 2874 d)
177 2807 302 2859 Biruuius
323 2808 394 2869 opud
418 2804 508 2858 Abuii'.
537 2807 556 2859 1.
574 2807 592 2858 l.
617 2806 789 2856 Herbelotius
813 2821 837 2855 s.
858 2819 885 2858 v.
909 2809 1056 2857 Meusoura
1074 2821 1110 2857 ex

178 2896 356 2951 Abdalmooie
373 2895 398 2946 id
416 2909 433 2946 a
449 2892 593 2948 Mabmdde
610 2896 783 2949 abennevico
804 2900 906 2949 sectum
929 2911 991 2950 esse
1011 2913 1111 2964 perpe-

176 3005 236 3042 ram
253 2992 381 3053 perhibet.

129 3075 159 3141 r)
176 3088 220 3138 ap.
236 3074 327 3127 nonu.
344 3077 390 3126 iv.
407 3075 472 3127 noe.
491 3074 584 3125 eonius
601 3076 636 3125 ar
652 3075 760 3139 Ainag.
777 3059 982 3151 nabet-Q.

130 3161 159 3218 Β)
175 3157 286 3240 obi&
307 3175 367 3224 Gol.
385 3177 420 3224 nd
436 3175 543 3238 Aifrag.
560 3174 578 3223 l.
596 3174 615 3223 l.
634 3187 668 3223 ex
684 3175 795 3224 Henna.
830 3176 860 3234 9)
877 3189 903 3237 p.
918 3156 967 3226 2⁷.

118 3253 161 3314 10)
178 3259 222 3322 qui
239 3260 344 3322 scripsit
364 3259 411 3308 sub
430 3272 529 3308 annum
547 3256 602 3306 620
620 3258 728 3322 (1223.)
746 3259 836 3308 Abulf.
854 3259 872 3307 1.
888 3258 909 3308 l.
926 3258 991 3311 268.

118 3346 161 3406 u)
177 3350 278 3410 Ayeen
291 3347 708 3401 Akberi.11.137.![¹leffenthaler
720 3348 994 3412 Geogr.Besobr.von
1007 3348 1111 3398 Riudo-

175 3445 248 3508 stau,
263 3444 390 3505 herousg.
399 3454 456 3491 von
468 3441 612 3491 Bernouili.
632 3441 710 3495 1785.
727 3456 752 3505 p.
764 3442 810 3493 81.
824 3440 930 3492 Bnrues
944 3443 965 3494 1.
983 3441 1027 3490 ³8.
1039 3441 1109 3491 Viu-

178 3536 241 3584 cent
260 3532 416 3583 Gemmeree
434 3535 487 3582 ond
505 3534 604 3596 Nevig.
623 3535 655 3583 cf
667 3535 712 3584 the
728 3534 848 3583 ancienta
868 3536 889 3583 1.
910 3534 972 3583 145.

120 3622 163 3681 12)
180 3625 199 3677 l.
213 3625 232 3675 l.
252 3639 276 3687 p.
296 3624 339 3673 30.
359 3625 404 3676 34.
425 3624 471 3674 44.
489 3625 555 3675 263.

121 3712 163 3773 13)
181 3730 205 3779 p.
227 3717 273 3764 θῦε
297 3712 527 3786 UrbeMoncdrc
548 3714 647 3766 cincto
665 3718 708 3766 est
720 3715 789 3766 Indi
801 3717 919 3769 brechio
935 3724 1059 3785 paulum
1074 3724 1110 3774 ab

178 3807 247 3869 ipeo
257 3806 401 3867 dietam,-
412 3806 481 3870 ipro
491 3808 586 3859 ouum
597 3807 637 3858 od
647 3807 855 3860 occidentalem
874 3812 952 3864 olori
957 3811 1112 3879 praecipat
