2474 4500
595 280 820 343 „150-

297 463 350 525 Ad
365 462 581 527 memorabilia
594 462 748 524 historiae
760 480 871 544 regum
880 460 1207 525 lntlioorumleom·

168 580 208 641 19
216 586 278 650 que
297 568 386 631 vitae
407 577 441 630 ot
460 567 705 630 vetustissimae
725 565 874 628 Indorum
895 562 1088 629 eruditionis
1115 562 1206 645 perli-

214 683 301 758 nent,
315 692 396 755 quae
408 674 448 736 de
458 673 597 756 quodam
611 690 688 755 rege
696 672 887 735 Kamararrsi
899 672 992 735 nobis
1002 669 1123 734 tradita
1131 654 1207 733 aaut

214 778 268 840 llx
287 780 349 843 hae
359 781 469 843 Indiae
480 788 572 862 parte
583 788 766 861 asportatur
779 778 983 863 agalloelrum
997 778 1207 859 Kumlrenmj

214 887 299 966 quod
320 888 393 949 inde
415 908 529 951 nomen
543 890 643 970 oepit.
666 892 768 951 'l'erra
789 908 851 950 non
864 890 970 951 insula
990 896 1057 965 est,
1069 886 1132 951 aad
1144 886 1208 951 lita

212 995 312 1056 maris
333 1005 546 1059 montuosum.
566 998 598 1058 A
612 998 697 1059 nullo
718 1014 820 1078 regno
830 994 1137 1077 Indieosuperatur
1154 1012 1209 1055 nu-

215 1116 304 1164 mero
325 1103 463 1165 virorum
486 1112 520 1165 et
551 1103 649 1166 odore
677 1122 735 1184 per
760 1111 904 1165 aromata
927 1120 1064 1183 sparso,
1094 1082 1210 1183 quibit,

215 1206 300 1267 siout
357 1210 520 1290 Muslimi,
592 1228 649 1289 pro
702 1206 879 1269 dentifricio
942 1214 1083 1269 utuntur.
1150 1200 1212 1271 sol

215 1316 296 1375 inter
318 1312 414 1375 Indos
443 1316 579 1377 scortari
607 1315 751 1376 illicitum
777 1313 911 1392 habent3
948 1311 1050 1375 omnis
1090 1312 1212 1395 generis

218 1417 332 1480 sordes
349 1419 483 1498 evitant,
507 1437 527 1480 a
547 1420 622 1480 vino
643 1420 812 1481 abstinent.
844 1420 881 1479 ln
911 1418 973 1479 liae
1003 1430 1039 1479 re
1066 1434 1213 1497 proceras

218 1542 239 1585 a
259 1523 353 1602 plebe
371 1542 434 1584 non
455 1522 703 1605 distinguuntur.
739 1526 888 1605 Plerique
909 1524 995 1605 apud
1017 1543 1076 1587 eos
1095 1524 1214 1605 perlitas

217 1628 367 1690 incedunt
386 1632 657 1723 proptarmultos,
679 1633 732 1712 qui
749 1632 834 1712 apud
855 1652 912 1693 eos
933 1644 1020 1717 sunt,
1039 1640 1169 1695 montes
1187 1638 1215 1693 al

218 1733 337 1796 fluvios
349 1751 502 1816 rarasque
510 1735 656 1815 planities
666 1737 778 1799 etuias
791 1738 936 1799 munitas.
958 1739 1052 1799 Haeo
1065 1746 1153 1801 terra
1165 1754 1215 1799 ra-

221 1830 455 1926 gnoMahrtg'i
467 1844 554 1924 regis
570 1844 753 1925 insularum,
775 1863 860 1926 quae
874 1832 1089 1927 suntZinig'‚
1104 1842 1215 1923 Kaloi,

217 1951 409 2031 'l'aprobana
430 1961 463 2014 et
483 1953 575 2036 aliae,
599 1955 746 2033 opposita
766 1955 860 2016 iaeet.
882 1954 1033 2036 Regnum
1042 1952 1216 2036 igiturKu'-

216 2056 366 2117 murense
386 2057 458 2117 olim
480 2056 610 2119 devenit
632 2058 673 2120 ad
693 2076 805 2139 regem
828 2059 976 2120 iuvenem
998 2056 1138 2142 agilem3
1157 2046 1217 2141 'qai

219 2182 313 2245 quum
334 2165 365 2225 in
387 2165 517 2244 palatio,
538 2164 626 2245 quod
644 2166 685 2227 arl
709 2167 797 2228 fluvii
825 2165 953 2250 magni}¹
966 2176 1000 2228 et
1025 2165 1153 2229 duleem
1179 2164 1218 2229 all

216 2272 317 2333 instar
337 2270 446 2354 'l'igris
467 2281 500 2334 et
521 2273 693 2354 Euphratis
714 2292 830 2355 aquam
855 2276 1004 2337 vehentia
1025 2275 1104 2337 litus
1123 2276 1217 2337 amn

219 2400 239 2443 a
260 2380 346 2443 mari.
359 2380 419 2443 diei
440 2383 508 2444 fere
527 2383 641 2444 itinere
662 2382 814 2466 distabat,
836 2384 867 2445 in
889 2382 1002 2446 throno
1030 2380 1094 2447 suu
1121 2382 1218 2445 ulle

167 2489 287 2554 uorat:
307 2485 421 2548 venire
443 2486 593 2570 adstanti,
626 2489 787 2550 mentione
815 2489 901 2550 faeta
936 2488 1028 2569 regni
1059 2474 1218 2571 Mahrig'i

218 2591 339 2674 pulchri
359 2599 393 2651 et
412 2591 602 2671 frequentis,
624 2610 661 2653 se
674 2592 752 2653 dixit
770 2593 870 2652 teneri
887 2590 1061 2673 eupiditate
1073 2592 1217 2673 quadam,

218 2716 314 2779 quam
337 2697 458 2775 expleri
481 2697 698 2776 maximopere
719 2697 827 2759 vellet.
855 2697 999 2758 Vezirus
1026 2698 1111 2759 bene
1142 2710 1219 2763 uull-

218 2803 323 2865 sultus
331 2809 365 2863 et
378 2803 448 2863 eius
456 2803 687 2882 properantium
695 2820 847 2885 noscens,
856 2819 1009 2883 quaenam
1018 2812 1124 2885 osset,
1136 2802 1219 2877 sui&

219 2910 335 2970 citatus
358 2916 418 2968 est.
441 2908 504 2970 Cui
523 2926 599 2969 rex:
619 2908 727 2988 Caput
753 2896 915 2991 lllalrrrig'i
935 2910 1023 2990 ragis
1043 2896 1219 2993 Zanig'an-

219 3018 265 3079 sis
288 3034 395 3077 eoram
417 3035 468 3076 me
489 3017 519 3077 in
547 3017 654 3097 patina
682 3017 776 3095 cupio
800 3024 833 3077 ut
860 3014 995 3078 videam.
1038 3018 1133 3078 'lune
1160 3036 1219 3079 ve-

219 3121 307 3184 nitus
329 3122 493 3202 cognovit,
515 3121 666 3184 invidiam
677 3121 761 3183 hano
776 3123 807 3183 ei
819 3122 970 3184 iniecisse
981 3123 1218 3204 cogitationem,

218 3339 455 3358 *un-m·-

240 3486 267 3550 1)
286 3486 363 3551 Quae
371 3488 492 3552 sequitur
502 3487 623 3537 narratio
635 3488 750 3537 debello
764 3488 835 3538 inter
843 3490 1221 3551 utrumqueregerngeatuae·

288 3589 394 3638 quoae
424 3578 642 3628 commemoratio
666 3578 742 3627 laeus
765 3578 958 3627 laterculorum
980 3577 1082 3639 petitae
1103 3584 1168 3627 aunt
1188 3588 1222 3627 ax

291 3666 359 3715 libro
375 3667 505 3717 Aharaidi
522 3672 643 3717 veterem
659 3668 857 3729 lnuopleuatan
877 3667 1040 3728 illustrante,
1070 3666 1116 3715 ulii
1127 3666 1221 3731 legun-

290 3758 334 3802 tur
350 3752 424 3814 prior
439 3756 509 3806 Ano.
526 3755 586 3808 ltel.
604 3770 630 3818 p.
652 3758 770 3819 att-so,
792 3757 880 3807 altera
904 3772 930 3819 p.
953 3758 1065 3810 m-ts,
1091 3770 1171 3821 quera
1190 3754 1222 3806 ll-
