2474 4500
73 463 193 544 gioues
224 465 434 545 expugnavit,
463 464 591 526 domum
619 465 751 527 intravit
785 474 819 527 et
847 465 1020 527 admiratus
1047 463 1079 525 iu

73 573 177 647 literis
218 571 259 633 ad
296 573 504 635 Aristotelem
554 572 636 655 datis
662 574 791 655 longius
831 573 982 653 imprimis
1016 570 1079 633 do·

41 696 44 701 ’
73 696 148 739 mus
179 677 333 740 fornicem
370 678 546 759 descripsit.
600 677 780 760 Respondit
805 678 1011 739 Aristoteles:
1042 684 1079 737 ut

74 784 232 864 comperi,
254 783 429 845 admiratus
452 803 489 845 es
513 782 666 847 fornicem
687 785 727 847 ab
749 783 926 846 hominibus
946 790 1079 844 exstru-

72 898 177 971 ctum,
207 910 271 951 non
296 900 404 953 autem
430 891 602 953 admiratus
630 909 668 952 es
696 891 782 951 illum
808 889 961 952 fornicem
981 907 1079 968 snper

72 1007 106 1059 te
141 1016 320 1079 expansum
353 1008 386 1060 et
421 1017 503 1079 quae
532 1019 605 1061 eum
639 1008 751 1061 ornant
781 1008 870 1061 astra
900 1007 933 1076 et
962 997 1078 1059 lumina

75 1112 235 1168 nocturna
250 1116 297 1167 et
325 1105 444 1169 diurna.
488 1107 626 1170 Othmim
646 1107 777 1191 khalisa,
807 1109 847 1170 de
869 1107 980 1171 Sindia
1000 1125 1079 1186 pcr-

72 1220 225 1274 contatus
253 1212 424 1275 Abdallam
461 1215 523 1275 ben
554 1215 661 1297 Amir,
689 1214 753 1276 hoc
782 1214 851 1275 tulit
872 1230 1077 1292 responsum:

64 1315 158 1377 ttius
181 1320 261 1396 opes
283 1318 431 1399 exiguae,
455 1318 574 1398 dactyii
588 1320 745 1400 vilissimi,
758 1319 898 1381 latrones
911 1316 1077 1379 fortissimi

71 1430 167 1501 sunt3
194 1421 226 1495 in
254 1439 295 1481 ea
325 1423 485 1483 exercitus
515 1442 636 1502 parvus
664 1424 745 1504 perit
750 1466 763 1506 ,
799 1440 935 1503 magnus
961 1423 1075 1502 esurit3

70 1524 156 1587 unde
197 1525 320 1587 khalisa
365 1528 436 1588 eius
475 1527 708 1609 expugnandae
751 1529 917 1593 consilium
959 1527 1076 1589 omisit.

70 1632 138 1693 Per
175 1651 248 1693 eam
291 1633 358 1695 fluit
396 1633 525 1695 Mihrin
564 1635 703 1716 fluvius,
754 1633 921 1717 latitudine
955 1632 1077 1713 Tigrim

69 1746 129 1799 aut
157 1756 299 1818 aequans
333 1749 388 1802 aut
420 1758 600 1820 superaus,
639 1740 693 1821 qui
719 1743 854 1821 primum
882 1739 923 1802 ab
955 1728 1130 1810 orientem¹

67 1846 207 1907 veniens
230 1846 381 1927 deinceps
403 1848 564 1909 meridiem
580 1867 697 1911 versus
721 1857 755 1909 et
777 1849 976 1910 occidentem
995 1840 1076 1909 'ver-e

66 1970 128 2014 sus
155 1972 193 2014 se
220 1953 322 2017 flectit
351 1954 453 2017 donec
475 1955 505 2016 iu
532 1953 638 2016 infima
665 1953 777 2016 Sindia
806 1955 838 2015 in
870 1940 962 2015 mare
987 1946 1079 2031 Perge.

66 2060 173 2122 sicum
202 2059 306 2121 cadat.
349 2061 459 2122 Tradit
479 2060 720 2143 lothakhrius:¹
744 2061 824 2122 Eius
843 2059 917 2122 fons
937 2062 970 2121 in
989 2070 1073 2121 ver-

67 2162 136 2223 tice
162 2164 279 2224 montis
309 2171 380 2245 est,
401 2165 433 2224 in
455 2183 517 2244 quo
539 2183 620 2226 unus
636 2165 806 2227 fluviorum
822 2152 953 2229 G'ihirni
966 2165 1073 2227 oritur.

65 2267 193 2342 Deinde
245 2277 376 2350 apparet
432 2271 464 2331 in
519 2272 652 2352 regione
698 2273 863 2334 Multnnae
904 2271 945 2333 ad
989 2271 1073 2333 fines

66 2373 273 2460 Samanddr‚
308 2389 376 2439 tum
404 2378 444 2440 ad
470 2377 662 2462 Mancuram
692 2398 793 2463 usquc
821 2380 894 2443 dum
922 2380 954 2441 in
983 2397 1071 2441 mare

61 2484 176 2547 incidit
202 2486 235 2547 in
264 2487 384 2549 oriente
412 2488 499 2548 urbis
525 2489 647 2549 Daibal.
694 2488 757 2550 Est
785 2489 902 2549 fluvius
931 2506 1070 2569 magnus

65 2593 272 2656 dulcissimae
282 2613 396 2678 aquae,
416 2595 448 2656 in
470 2610 532 2674 quo
554 2594 707 2657 crocodili
728 2596 814 2656 sicut
833 2595 865 2655 in
879 2595 955 2655 Nilo
976 2601 1069 2675 sunt3

63 2699 210 2763 dicuntur
245 2711 351 2763 tamon
379 2701 594 2783 Aegyptiacis
627 2701 732 2761 minus
769 2699 870 2761 crassi
902 2708 936 2760 et
964 2700 1069 2761 minus

62 2805 236 2885 perniciosi
257 2825 341 2869 csse.
383 2807 488 2868 Etiam
510 2824 664 2886 aquarum
687 2823 782 2866 cursu
805 2804 916 2865 Nilum
937 2812 1068 2884 aequat3

61 2911 199 2976 inundat
219 2921 353 2992 terrarn3
375 2921 441 2974 tum
461 2921 631 2993 postquam
644 2910 768 2973 desedit
777 2928 906 2973 semens
926 2911 963 2974 nt
982 2911 1069 2973 sicut

63 3020 97 3081 iu
120 3020 284 3101 Aegypto.

137 3112 341 3188 'Su'nnnn'u
364 3127 439 3188 urbs
449 3125 558 3189 Indiae
578 3127 721 3189 omnibns
736 3135 813 3189 nota
832 3125 863 3188 iu
883 3127 973 3187 litore
993 3145 1066 3190 ma-

59 3232 120 3316 ris,
141 3233 232 3293 cuius
260 3233 375 3293 ductus
404 3252 476 3294 eam
503 3233 632 3295 alluunt.
673 3234 882 3296 Memorabile
903 3234 935 3294 in
955 3251 994 3295 ea
1015 3247 1068 3301 est

59 3338 215 3419 templum
235 3357 307 3401 oum
330 3340 499 3405 simulacro
520 3340 679 3407 Simauit
704 3330 832 3406 uocato.
853 3344 1064 3407 Simulacrum

60 3551 279 3567 *—

128 3666 253 3730 Qazvtnit
277 3682 371 3746 opere,
393 3681 452 3732 cap.
476 3672 509 3719 de
530 3670 626 3732 fluviis,
648 3670 750 3719 ab'hoo
767 3668 909 3729 discrepat.
943 3666 1063 3718 Tertium

129 3763 238 3811 medem
256 3761 323 3811 idem
340 3761 417 3812 locus
435 3762 505 3813 infra
521 3764 655 3828 recurret,
672 3760 715 3811 nbi
733 3763 766 3811 do
783 3759 916 3825 Manpura
932 3759 1030 3823 agian.
