2474 4500
558 274 766 337 ..go-

166 456 309 537 gnitione
330 475 410 538 opus
432 465 519 537 erat3
538 458 645 537 potius
660 455 837 536 depravata
851 458 977 520 nomina
991 455 1102 519 ludioa
1113 454 1163 525 ἲν

168 557 279 619 dentur
300 576 384 621 esse.
427 559 531 621 Multo
554 559 658 639 magis
680 559 775 620 etiam
796 566 911 638 poetae
931 558 1030 621 menti
1058 564 1161 639 aptum

167 674 228 748 est,
251 665 336 747 quod
356 665 503 727 Dintzod
524 683 586 727 nen
608 683 718 747 soror,
746 665 806 727 aed
831 666 940 727 nutrix
968 664 1163 728 snirdutdno

166 772 270 835 fuisse
297 774 351 834 hie
378 772 512 853 dieitur5
555 772 640 853 quod
668 774 749 835 enirn
778 774 810 833 in
847 772 971 835 nutrice
1006 771 1165 835 offendere

166 897 231 941 nou
250 881 362 959 potuit,
385 899 455 941 eam
477 881 508 939 in
529 880 672 941 eubiculo
693 880 781 961 regio
802 879 967 961 cubuisse,
992 878 1026 941 id
1046 877 1089 941 de
1110 896 1165 941 ao-

167 1005 240 1047 rore
262 987 370 1048 uxoris
391 990 500 1069 regine
522 987 596 1049 mihi
618 986 715 1047 valde
742 986 932 1055 indecenter,
952 987 1065 1047 fiotum
1093 984 1164 1047 esde

168 1096 306 1159 videtur.
334 1096 427 1160 Unde
448 1117 511 1158 non
532 1095 654 1179 dubito,
678 1097 751 1176 quin
771 1096 812 1155 ab
834 1094 956 1173 origine
976 1094 1021 1155 ita
1041 1094 1078 1155 in'
1094 1093 1166 1155 libro

168 1202 272 1264 suerit.
314 1204 363 1265 Eo
385 1204 490 1284 magis
514 1203 608 1283 igitur
627 1200 771 1263 Masirdii
793 1202 974 1262 testimonio
995 1199 1080 1261 tides
1109 1198 1167 1261 ha-

167 1307 273 1371 benda
301 1312 377 1370 ost.¹
422 1309 582 1371 Doeemur
624 1308 756 1390 deinde,
799 1308 878 1368 libro
912 1307 1037 1369 titutum
1068 1307 1167 1369 tutan

168 1415 255 1476 milio
267 1412 445 1494 noodam23
466 1417 639 1496 nonenim,
655 1424 689 1476 ut
705 1414 892 1475 observavit
902 1412 998 1475 etiam
1006 1406 1167 1493 saeyust

168 1519 222 1582 nio
243 1519 284 1580 de
306 1520 367 1582 aiio
390 1518 526 1601 quodam
549 1541 656 1600 opere,
680 1540 699 1582 a
719 1523 805 1581 anille
824 1522 970 1579 noctibus
990 1526 1024 1579 at
1037 1536 1106 1579 ana
1120 1516 1167 1579 di·

168 1642 280 1706 verso,
305 1644 483 1687 sermonem
505 1645 591 1708 esse,
612 1625 707 1688 facile
727 1635 860 1706 apparet
874 1625 981 1685 exilio
995 1621 1169 1707 argumenti

148 1730 299 1793 indicio.
332 1732 418 1792 Num
440 1751 556 1792 revera
577 1733 661 1793 mille
680 1733 877 1792 narrationes
897 1729 1024 1812 fuerint,
1045 1750 1112 1791 uon
1132 1730 1169 1791 li·

171 1846 267 1920 quet3
288 1838 428 1900 sortasse
449 1859 600 1901 uumerus
622 1840 805 1901 indefinitus
827 1847 891 1921 est,
914 1846 946 1899 et
963 1856 1169 1923 permagnam

169 1944 396 2006 multitudinem
431 1945 588 2028 designat.
630 1947 717 2008 Idem
748 1947 879 2007 veroin
908 1964 1073 2007 numerum
1101 1938 1168 2007 i'r-'n-

170 2059 259 2113 etnm
280 2050 323 2131 mj
345 2052 444 2133 valet,
468 2053 552 2133 quod
581 2054 706 2134 quidem
735 2055 866 2134 Saoyus
886 2053 954 2114 fieri
982 2070 1084 2133 posse
1111 2072 1170 2115 ne·

170 2157 275 2238 gavit,
307 2156 366 2218 sed
388 2157 614 2239 Fleiseherus,
649 2168 790 2220 ceterum
813 2168 847 2220 ut
866 2158 992 2220 videtur
1024 2180 1083 2241 pro
1105 2162 1171 2224 Sa·

172 2261 227 2343 oyi
248 2265 406 2323 sententia
427 2271 529 2345 stans,
557 2284 657 2343 nuper
679 2263 853 2344 probavit.¹⁸
898 2268 966 2331 Sed
991 2270 1089 2330 etiam
1108 2268 1172 2331 ltn-

170 2370 220 2431 ius
241 2372 424 2431 mutationis
446 2378 596 2450 posterae
617 2374 696 2433 ratio
720 2375 844 2435 ostendi
863 2384 970 2454 potest
1002 2376 1172 2439 Hucenirn

171 2488 309 2561 spectat,
332 2481 417 2558 quod
438 2478 710 2543 Burckhardtius⁵
732 2483 894 2564 observat,
924 2462 1053 2545 Arabes
1074 2485 1172 2547 talem

170 2606 332 2649 numerum
361 2586 522 2650 definitum
558 2609 614 2671 pro
651 2592 842 2653 infortunato
884 2594 1001 2655 habere
1037 2612 1176 2674 eumque

170 2748 384 2764 Ἥ

188 2824 216 2877 1)
235 2818 312 2885 Quod
331 2822 357 2873 in
382 2825 484 2873 driobus
502 2828 580 2877 codd.
603 2826 687 2876 Paris.
710 2840 759 2887 pro
790 2824 856 2889 litia
882 2827 910 2874 et
933 2802 1048 2875 rrutrtee
1071 2826 1176 2890 iegitur

231 2927 338 3002 wiri>
359 2934 386 2981 et
402 2933 529 2982 dirarum
546 2934 607 2983 eirea
622 2934 774 2999 siliarum,
792 2937 818 2984 id
834 2936 934 2984 librarii
952 2936 1110 3001 cuiusdam,
1128 2936 1177 2999 qui

234 3040 354 3084 nostram
383 3040 486 3087 tantum
507 3040 691 3089 recensionem
713 3043 848 3104 cognitam
875 3044 983 3109 habuit,
1015 3045 1173 3097 emendatio

236 3127 288 3189 est,
305 3127 398 3188 pingui
414 3129 539 3177 Minerva
556 3131 636 3181 iacto.

185 3215 217 3272 2)
235 3216 337 3265 Eodem
353 3219 433 3265 modo
458 3218 485 3267 in
508 3232 562 3268 uuo
584 3224 643 3270 eod.
667 3225 729 3275 Par.
751 3226 800 3275 hie.
824 3227 929 3275 {utitem
954 3230 1175 3281 emendationem

234 3318 301 3371 fecit
317 3316 451 3385 librarius,
469 3324 561 3373 addito
580 3329 663 3377 verbo
680 3315 777 3402 2135),
806 3336 835 3379 ut
857 3344 996 3382 munierum
1018 3330 1066 3397 urj.
1091 3336 1177 3387 resti·

237 3408 335 3456 tueret.

188 3500 218 3556 a)
236 3514 261 3562 p.
280 3499 325 3549 41.
342 3501 389 3551 49.

187 3592 219 3657 4)
236 3594 277 3642 De
294 3595 394 3657 glossis
411 3598 531 3648 liabieht.
548 3615 573 3662 p.
591 3599 618 3648 4.
635 3602 704 3663 not,
728 3600 770 3649 ubi
792 3601 874 3661 ipsius
897 3604 974 3652 huius
996 3604 1103 3654 numeri
1127 3602 1176 3669 nrj.

237 3688 388 3747 exemplum
412 3691 529 3741 exhibuit
556 3703 591 3740 ex
613 3690 721 3741 Persico
747 3694 879 3755 scriptore
897 3691 1080 3760 Ndeiraddino
1097 3692 1175 3747 'rni-

235 3775 308 3824 sensi
325 3777 443 3839 petitum.
