2474 4500
568 268 798 330 ...154-

181 450 260 511 nmr
280 450 342 512 oen
362 439 630 533 nounrg'rnn'n
651 452 762 515 riorum
784 452 826 515 ro
845 453 1185 541 ramuonrgrom
1224 442 1227 461 ’

179 572 351 635 eorumque
372 574 444 619 uum
466 557 547 619 albis
568 558 774 619 contentione
788 561 933 641 ,scripsit
1097 618 1100 623 .

171 672 185 705 t
228 712 238 721 ..
261 661 345 724 todi¹
370 683 483 746 regem
503 646 563 727 sibi
584 676 754 747 autequam
776 669 1058 753 quadragesimum
1089 680 1179 737 nota-

178 766 220 827 tis
240 784 358 828 annum
381 768 487 849 attigit
509 787 571 829 non
593 772 799 837 constituunt.
827 773 941 857 Reges
962 795 1076 841 eorum
1098 774 1181 841 hund

176 872 272 947 facilc
291 873 427 937 subditis
450 892 487 937 se
510 883 702 959 monstrant,
724 878 784 941 nisi
813 889 902 941 certo
930 880 1067 963 quadam
1098 890 1183 945 wm-

175 979 262 1069 poris
283 980 387 1061 spatio
409 981 441 1042 in
461 982 583 1063 vulgus
605 989 691 1043 uoto.
732 984 770 1045 ln
791 990 999 1066 conspectam
1026 988 1184 1067 prodeunt

174 1086 206 1147 in
227 1086 420 1149 subditorum
452 1089 608 1171 gratiam,
639 1108 712 1151 nam
742 1089 827 1171 apud
855 1109 935 1175 cos,
971 1092 1057 1174 quod
1092 1094 1183 1177 preto

174 1211 285 1276 regem
305 1194 455 1275 aspiciat,
479 1196 608 1257 violatio
631 1197 833 1259 reverentiae
855 1205 889 1258 et
909 1196 1087 1277 doopooruo
1108 1218 1181 1263 mu-

139 1331 140 1335 *
174 1282 313 1363 iestatis·
330 1302 472 1364 habetur.
515 1304 622 1365 Etiam
643 1323 796 1385 proceres
816 1325 880 1367 non
901 1306 1030 1388 intrant,
1053 1306 1119 1371 nisi
1141 1307 1180 1371 td

174 1408 432 1490 interrogandum
462 1417 496 1470 ct
527 1418 634 1473 certus
661 1409 943 1473 administrationis
973 1430 1095 1477 caum
1123 1430 1185 1477 au·

175 1511 383 1595 randesjffl

128 1624 168 1687 17
258 1624 370 1705 Pergit
389 1619 591 1687 Masindius²z
622 1626 659 1685 la
680 1623 839 1687 Sarandib
860 1624 983 1709 insula,
1018 1624 1114 1687 ouius
1133 1622 1180 1685 rei

175 1733 246 1809 ipse
266 1728 360 1790 testis
379 1728 444 1809 fui,
465 1748 534 1809 rex,
557 1738 726 1809 postquam
753 1736 898 1791 mortuus
920 1738 982 1812 est,
1003 1746 1101 1793 oumu
1120 1728 1185 1791 iru-

176 1838 240 1899 miii
259 1838 370 1918 parvis
390 1840 469 1901 rotis
489 1839 573 1901 hunc
593 1839 624 1901 in
645 1838 741 1900 finem
763 1839 919 1900 instructo
945 1839 991 1901 ita
1012 1838 1182 1919 imponitur

175 1955 210 2008 ut
230 1947 334 2008 crines
360 1955 594 2028 superterram
616 1946 788 2007 trahantur.
808 1945 956 2026 Femina,
986 1963 1069 2026 quae
1099 1962 1177 2013 wo-

174 2072 234 2133 pas
255 2060 372 2134 portat,
394 2053 534 2134 sequitur
547 2061 579 2114 et
595 2052 757 2131 pulverem
777 2051 808 2112 in
821 2051 890 2113 eius
909 2057 1007 2131 caput
1020 2066 1182 2133 spargens

175 2160 257 2221 haec
278 2160 470 2240 proclamet:
493 2160 549 2242 „0
563 2158 721 2239 homines,
742 2157 796 2219 hic
809 2157 903 2219 vobis
914 2157 1085 2237 imperovtt
1099 2156 1182 2229 hori,

175 2267 317 2329 sedium
341 2286 486 2348 regnum,
508 2265 593 2347 quod
613 2265 645 2325 in
666 2282 727 2324 vos
747 2263 868 2346 habuit,
889 2263 1051 2344 praeteriit
1064 2272 1100 2325 ct
1112 2266 1183 2345 ipro

175 2374 217 2437 ad
247 2374 331 2436 hano
359 2390 455 2453 quam
484 2372 601 2433 videtis
628 2370 735 2431 mundi
763 2369 1000 2432 derelictionem
1027 2368 1183 2435 m

175 2492 236 2545 est.
258 2482 405 2562 Arrepsit
427 2481 564 2541 animam
592 2499 651 2547 rex
684 2479 797 2541 mortis
832 2487 865 2540 ot
898 2479 987 2541 vitae
1016 2486 1182 2561 aetarnae,

174 2591 229 2671 qui
247 2607 409 2670 nunquam
429 2589 574 2670 moritur,
596 2587 680 2649 unde
707 2597 782 2667 post
809 2607 881 2649 cum
910 2607 951 2649 no
979 2587 1182 2669 decipimini

173 2697 262 2759 vitae
276 2690 471 2758 desiderio.“
514 2689 649 2757 Sermo³
665 2695 837 2756 instituitur
855 2694 896 2755 ad
911 2695 1057 2759 timorem
1071 2694 1180 2757 ruiitn‘·

173 2803 289 2866 andum
323 2811 357 2865 et
389 2802 612 2864 abstinentiam
656 2799 948 2885 commendandam.
996 2802 1060 2863 lio·
1082 2800 1181 2865 modo

174 2925 291 2987 corpus
312 2926 370 2987 per
400 2924 511 2968 omnes
537 2906 624 2967 urbis
654 2907 777 2985 plateas
805 2905 1070 2989 circumducitur,
1114 2915 1183 2971 tum

193 3213 222 3284 1)
239 3218 281 3269 ct.
304 3218 350 3267 ibn
376 3216 493 3268 Alverdi
513 3231 539 3279 p.
562 3216 622 3271 120.
646 3216 722 3283 flyi,
750 3217 793 3281 qui
817 3218 934 3267 sonasse
950 3216 1018 3268 haec
1035 3218 1097 3279 ipsa
1118 3208 1184 3269 auto

244 3308 339 3360 oculos
356 3310 454 3359 habuit

193 3429 222 3484 2)
240 3426 303 3475 Non
321 3424 414 3475 inutile
432 3423 481 3473 erit
499 3435 618 3486 monere,
636 3421 675 3472 his
693 3420 783 3471 verbis
799 3420 863 3471 nihil
879 3418 1034 3485 significari,
1050 3418 1184 3483 nitiquori

245 3516 290 3565 vel
307 3513 430 3577 superior
447 3511 560 3561 materia
583 3510 627 3559 vel
650 3509 728 3559 locus
753 3522 787 3557 ex
808 3510 863 3559 alio
885 3510 954 3559 libro
977 3510 1030 3559 truc
1051 3516 1185 3575 receptus

242 3607 277 3654 ad
296 3605 376 3653 tinem
393 3604 538 3666 perductus
558 3600 604 3666 sit,
628 3602 657 3648 et
678 3612 779 3648 novum
802 3599 901 3661 aliquid
925 3597 1075 3661 incipiatur.
1111 3600 1184 3649 Nm

246 3704 316 3753 quoe
333 3694 482 3753 sequuntur
500 3691 534 3739 do
553 3686 802 3751 mneritas-regis,
828 3700 884 3739 non
900 3682 1017 3737 morton
1036 3692 1122 3755 auat,
1139 3688 1185 3753 qni

245 3793 379 3843 nunquam
396 3778 682 3842 reprobarentur,
697 3778 746 3827 red
770 3782 803 3828 ed
828 3780 940 3831 verbum
961 3780 1022 3829 iore
1042 3776 1185 3843 descripta
