2474 4500
565 285 773 347 ..43-

363 384 376 423 i

170 469 252 551 sita,
283 474 349 533 tum
384 464 609 534 liandaraina¹
641 466 775 549 denique
808 462 961 529 Kalilrut²
1004 452 1180 547 postremo·

170 572 338 639 Koulam³.

251 680 459 765 ltialabaria¹⁸‚
481 704 566 767 quoe
585 684 809 767 regio'natnra
828 702 889 746 sna
917 692 951 746 et
968 684 1031 747 nitu
1045 684 1086 746 ab
1107 683 1173 745 ho-

170 792 234 855 stili
262 794 383 873 impetn
410 800 444 855 et
464 794 701 875 expugnatione
721 810 848 873 semper
875 798 945 853 tuta
970 790 1089 853 mansit
1118 798 1174 853 at-

171 900 350 983 quantiam
370 918 454 983 raro,
475 902 537 963 nisi
557 920 728 984 nunquam,
756 900 811 962 uni
837 898 968 981 imperio
1000 898 1061 961 fuit
1089 898 1175 961 nub-

169 1007 266 1089 ieota,
288 1008 328 1069 ob
348 1027 473 1071 meroes
495 1016 528 1071 et
547 1009 671 1071 fructus
694 1026 774 1071 snos
787 986 997 1089 undecunque
1017 980 1173 1069 terrarum

171 1120 331 1201 expetitos
357 1121 398 1183 ab
420 1120 539 1182 exteris
569 1138 696 1200 semper
724 1117 864 1179 maxime
891 1116 1174 1197 frequentabatur3

171 1244 269 1309 quare
288 1235 325 1289 ut
344 1227 377 1288 in
396 1227 513 1289 talibus
534 1226 716 1288 civitatibus
736 1224 804 1286 fieri
824 1224 924 1304 solet,
945 1220 1174 1305 tolerabantur,

173 1334 270 1396 etiam
291 1340 390 1415 atquo
411 1332 644 1395 adiuvabantnr
663 1330 944 1413 peregrinasaera
975 1330 1043 1392 Iam
1062 1328 1176 1411 primia

172 1460 267 1504 aerae
287 1453 416 1503 nostrae
445 1440 587 1503 saeculis
613 1474 656 1485 —
682 1440 821 1503 fabulam
846 1448 954 1502 tamen
984 1438 1026 1501 de
1048 1438 1175 1501 'l'homa

172 1547 321 1645 apoetolo
348 1547 380 1608 in
412 1544 534 1609 indiam
562 1546 707 1628 profecto
739 1546 872 1609 credulis
897 1545 1104 1629 relinquimus
1134 1578 1177 1589 -

172 1662 284 1743 religio
307 1659 489 1723 Christiana
508 1658 550 1721 ibi
572 1659 640 1741 egit
658 1658 785 1721 radices
812 1666 845 1718 et
868 1658 1009 1720 Cosmae
1031 1664 1177 1738 temporo

172 1767 236 1829 iam
256 1766 376 1829 multae
397 1764 556 1828 eeclesiae
577 1764 742 1827 florebant
764 1765 890 1848 Neque,
913 1771 949 1826 ut
969 1764 1064 1839 faoile
1092 1780 1177 1827 oon-

239 1980 295 2029 sed
313 1978 348 2028 ibi
366 1982 408 2029 est
429 1977 507 2027 varia
524 1976 605 2027 lectio
625 1990 675 2039 pro
697 1970 807 2028 (lanaria
826 1974 973 2041 Bionapn,
996 1976 1068 2038 qnod
1095 1976 1179 2035 eaput

238 2074 282 2121 est
296 2070 375 2133 regni
384 2069 551 2120 nekknaniei
562 2070 709 2132 Narsinga‚
719 2069 787 2118 alias
804 2068 923 2130 Visapnr
936 2068 1113 2117 nomlnatum.
1123 2069 1182 2118 At·

238 2176 290 2226 que
308 2163 374 2211 lineo
396 2162 478 2212 lectio
495 2162 584 2225 utique
603 2163 735 2225 praestat,
754 2173 817 2211 nam
835 2164 866 2210 ut
885 2158 944 2222 lpse
968 2158 1055 2225 addit,
1067 2154 1180 2209 Gnat'aa

243 2255 349 2305 montes
366 2251 508 2315 intelligit:
830 2298 833 2305 .

370 2342 420 2391 Da
437 2342 519 2391 terra
537 2340 728 2391 oa'nnturoea
744 2340 790 2391 lie
807 2340 942 2391 emmam
959 2340 1042 2393 (iate.

239 2434 344 2485 Verum
373 2432 551 2483 Malanariam
574 2430 646 2483 inter
674 2436 703 2483 et
726 2434 863 2483 Kanaranr
892 2436 962 2485 tales
985 2438 1050 2487 sunt
1069 2438 1180 2487 montes

240 2526 316 2576 nulli.
348 2525 426 2575 Unde
455 2525 516 2575 milri
545 2526 665 2576 narratio
696 2526 744 2575 illa
768 2529 802 2577 de
827 2542 915 2593 muro,
950 2527 975 2579 sl
1005 2528 1099 2579 rotula
1134 2532 1179 2579 eat

240 2624 288 2670 aut
305 2617 416 2679 etipsa
429 2620 481 2669 loo
495 2619 569 2685 loeo,
594 2622 674 2670 aute
697 2620 775 2671 simili
791 2634 888 2673 errore
909 2625 997 2673 ortum
1021 2624 1121 2675 ducere
1135 2622 1180 2673 vi·

242 2712 328 2761 detur.

194 2794 224 2861 1)
243 2782 369 2877 tropea·
390 2794 440 2843 ron
465 2794 541 2845 natu.
567 2793 629 2846 ιιι.
648 2794 682 2845 a.
697 2796 768 2847 nun.
786 2796 831 2846 aa.
858 2799 1092 2865 oneratamque
1109 2804 1178 2853 uuas

242 2895 323 2953 urbes
339 2898 532 2957 ¹commemorat
547 2897 597 2946 lbn
613 2898 688 2948 Both.
705 2896 751 2949 l.l.
768 2882 1054 2983 sffetfflolo
1072 2906 1178 2966 (Apera

241 2996 320 3045 habet
344 2978 470 3053 vomi
490 2993 607 3057 priorem
625 2995 733 3056 omittit)
753 3001 848 3061 aperte
873 3005 982 3054 easdem
1012 3011 1095 3071 atque
1117 3024 1178 3075 eas,

242 3131 312 3182 quae
339 3134 366 3183 p.
389 3117 439 3171 175
461 3119 489 3169 in
518 3122 614 3170 eodem
639 3120 785 3174 intervallo
813 3124 983 3178 nominantur
1007 3124 1119 3211 0³⁵?-
1149 3140 1178 3183 et

241 3212 362 3304 oen·

192 3342 225 3401 a)
241 3325 357 3418 Quill·
373 3347 422 3397 un
438 3347 513 3397 natu.
532 3344 595 3397 ma.
612 3330 754 3421 aufigit<
770 3349 915 3411 uaqrmus
936 3352 963 3405 n
979 3354 1177 3419 sentement

243 3491 283 3528 ar.
299 3482 334 3544 11,
352 3482 397 3529 aa.
413 3452 562 3564 20⁰anss
580 3483 659 3543 syros
675 3482 780 3529 Assem.
796 3483 845 3548 nr,
860 3488 887 3553 ι.
906 3488 968 3539 ιιι.

194 3586 226 3641 ³)
243 3570 344 3661 „if
360 3599 409 3647 nn
430 3599 505 3648 narn.
526 3596 616 3647 aaut
633 3556 759 3656 >0362
778 3599 885 3654 Assem
907 3604 927 3655 1.
948 3604 967 3657 1.
990 3606 1070 3670 upon
1093 3611 1181 3663 nao-

243 3713 375 3775 pleustam
391 3716 459 3764 Ano.
482 3716 541 3764 nel.
562 3730 588 3777 p.
613 3712 649 3763 10
672 3720 701 3765 et
723 3717 824 3783 Geogr.
846 3722 881 3771 N.
898 3724 972 3773 audit
988 3726 1179 3797 Kanlammell,

245 3805 261 3853 i.
279 3820 302 3855 e.
320 3806 435 3857 Kairiana
450 3806 617 3857 Malauariae
633 3808 773 3865 (Kaukam
788 3812 878 3863 forma
893 3826 929 3863 ex
945 3816 1053 3881 vulgari
1069 3819 1179 3873 librari·
