2474 4500
587 284 774 344 ..ηιμ

192 472 298 552 potuit
324 470 518 531 memoriam·
562 464 680 544 Neque
706 482 746 524 ea
770 463 877 544 populi
905 461 1041 522 conditio
1068 470 1187 521 munta

199 584 251 638 est
271 594 370 656 regno
384 569 660 653 indoseytharun,
683 573 783 649 quiet
801 568 863 648 ipsi
874 586 893 627 a
906 567 1002 629 vietis
1019 585 1058 628 se
1070 565 1185 629 domari

199 692 233 744 et
260 690 411 762 exparte
439 683 551 741 saltem
571 679 613 741 ad
632 678 815 758 religionem
841 675 1001 759 Indorum,
1036 674 1185 757 imprimis

198 791 242 853 ad
263 791 368 880 inae
390 791 517 871 cultum,
541 787 773 850 accommodari
799 788 889 866 passi
908 794 995 868 sunt,
1016 787 1044 847 si
1066 783 1185 867 quidem

199 900 304 959 numis
326 896 407 958 fides
431 905 496 976 est3
525 896 607 956 idem
628 895 659 955 in
680 895 768 957 albos
791 894 937 974 Hunnes⁹
960 894 1013 973 qui
1034 891 1184 967 dicuntur,

200 1004 310 1065 valere
331 1002 475 1082 videtur,
504 1021 577 1063 nam
598 1000 711 1081 ubique
735 999 963 1061 Bralrmanismi
990 1004 1186 1061 monumenta

201 1111 381 1194 exstabant,
404 1130 499 1191 quum
525 1111 651 1172 Arabes
672 1107 867 1188 provinciam
894 1104 1096 1185 subjicerent.
1144 1106 1186 1165 lta
1226 1135 1230 1193 p

200 1218 315 1282 Dalbal
336 1220 425 1299 urbs,
448 1239 489 1279 ex
504 1220 637 1280 nominis
657 1218 851 1298 etymologia
863 1212 1055 1300 {amaedeo
1076 1217 1185 1297 diocia

200 1344 293 1405 locus
317 1343 449 1422 alicujus
471 1342 522 1403 dei
542 1342 747 1402 veneratione
769 1360 861 1401 sacer
881 1359 921 1402 ac
944 1342 1071 1402 celeber
1091 1340 1184 1403 fulan

201 1450 353 1510 videtur¹.
395 1450 500 1509 Etiam
514 1457 624 1509 contra
637 1448 798 1526 religionis
814 1467 892 1509 suae
908 1456 1081 1529 praecepta
1095 1448 1184 1509 Mus·

201 1557 266 1619 limi
287 1557 390 1616 coacti
411 1564 510 1638 eraut,
533 1557 620 1616 utin
643 1555 788 1616 Multina
805 1557 895 1631 urbe,
923 1575 1017 1637 quam
1031 1556 1193 1635 tenebant·

201 1664 459 1744 superstitionem
468 1663 701 1725 brahmanicam
718 1670 779 1725 non
791 1665 894 1726 solum
909 1683 970 1725 non
980 1664 1185 1747 prohiberent,

201 1768 377 1830 sedetiam
404 1778 573 1831 tuerentur.
615 1768 663 1831 Ibi
695 1770 812 1834 idolum
841 1773 1019 1855 celebatur,
1044 1774 1103 1835 abs
1131 1790 1185 1855 quc

135 1974 139 1981 Ι
200 1876 277 1940 urbs
299 1897 413 1940 nomen
434 1881 600 1962 accepisse
621 1881 726 1942 fertur.
747 1883 821 1944 lluit
841 1884 938 1966 igitur
957 1882 1095 1980 W
1114 1904 1187 1967 quae

202 2006 377 2069 secundum
411 2007 594 2070 Wilsonem
627 2027 654 2068 S.
683 2028 716 2069 v.
745 2009 845 2070 lorma
871 2010 1003 2092 Durgae
1031 2018 1093 2073 est.
1140 2006 1187 2071 Ad

203 2133 275 2174 eum
312 2113 428 2173 cultum
467 2112 663 2173 tolerandum
704 2121 770 2174 turn
810 2115 888 2174 lucri
929 2133 970 2175 ex
1007 2122 1096 2177 tauto
1132 2114 1188 2175 he-

201 2221 320 2281 minum
348 2238 506 2280 concursu
547 2220 683 2281 faciemli
716 2221 819 2282 studio
853 2222 976 2302 impulsi
1003 2232 1100 2307 sunt,
1126 2232 1189 2285 tum

204 2325 277 2406 quia
298 2324 395 2385 Indos
417 2344 455 2385 se
476 2324 684 2386 debellaturos
707 2326 851 2388 simulato
874 2327 989 2397 idolum
1011 2327 1191 2391 destruendi

204 2432 337 2493 consilio
361 2431 402 2492 ad
423 2431 558 2493 reditum
580 2452 766 2513 permovere
787 2432 974 2514 poterant²)
1008 2435 1075 2498 Sed
1100 2438 1191 2499 etiam

201 2545 298 2625 longe
319 2553 407 2604 trans
428 2562 551 2603 amnem
579 2543 647 2603 Indi
677 2545 844 2624 propagati
871 2545 1006 2605 fuerunt.
1050 2544 1193 2633 Sandra-

203 2662 318 2733 ceptus
335 2652 403 2732 jam
423 2671 556 2733 regnum
576 2672 633 2732 per
646 2654 855 2715 Araclrosiam
877 2661 909 2713 et
924 2651 1114 2719 Gedrosiam
1135 2678 1193 2719 ex·

202 2759 303 2819 tendit
313 2755 336 2831 ³,
356 2758 467 2819 deinde
483 2757 637 2839 usquead
651 2760 798 2820 Antiochi
814 2758 1042 2840 expeditionem
1056 2762 1196 2825 Indicam

202 2885 232 2926 a.
254 2867 318 2927 206
346 2885 374 2927 a.
403 2864 478 2926 Chr.
506 2885 536 2925 n.
565 2864 748 2925 Prasiorum
779 2884 912 2945 reguum
939 2867 980 2927 ad
1016 2867 1197 2933 Caucasum

203 2974 354 3033 continuo
381 2972 572 3051 pertinuisse
596 2973 752 3054 Polybius
773 2983 884 3034 auctor
906 2983 976 3054 est;
1002 2976 1074 3037 inde
1102 2984 1197 3059 paule

202 3087 311 3159 posta
333 3078 512 3137 Bactrianis
532 3078 614 3158 pulsi
634 3072 751 3138 fueret.
773 3079 854 3138 'lum
876 3080 933 3138 sub
948 3098 1058 3161 regum
1072 3086 1199 3147 Bactri-

202 3191 430 3202 --.-----

221 3225 252 3283 1)
269 3228 334 3275 Inde
352 3228 440 3277 elucet
461 3229 554 3278 melius
573 3230 651 3279 scribi
670 3220 759 3299 Μὰ,
778 3241 856 3291 quam
876 3218 971 3297 Μὰ,
987 3217 1058 3281 (1¹¹0d
1069 3220 1202 3282 frequen·

269 3316 311 3360 ter
329 3312 471 3362 invenitur.
505 3314 578 3365 lllius
595 3315 669 3363 vocis
688 3315 867 3376 pronuntiatio
882 3316 951 3374 apud
962 3309 1065 3357 Arabes
1079 3304 1202 3369 vulga&

269 3402 377 3451 Daibul
394 3417 410 3452 e
423 3404 572 3453 recentiore
585 3407 670 3455 abusu
689 3410 749 3455 orta
767 3412 822 3463 est3
841 3407 874 3454 ab
886 3406 990 3468 origine
1001 3402 1202 3453 lueritDaibul

270 3506 383 3543 necesse
402 3498 452 3542 est.

219 3584 316 3641 2J1on
332 3586 502 3648 Hauqa129.
541 3588 573 3645 4)
598 3589 690 3651 διττή),
710 3587 772 3639 724.
800 3589 904 3637 Lassen
925 3589 1000 3637 Perit.
1024 3585 1072 3636 42·
1105 3582 1139 3643 4)
1158 3586 1203 3634 ¹1.

154 3678 157 3683 '
269 3678 314 3727 at.
332 3680 365 3727 cl.
383 3679 497 3728 bassani
515 3681 547 3728 de
565 3692 598 3728 ea
616 3691 645 3728 re
663 3677 854 3739 expositionem
871 3680 945 3728 Pent.
962 3678 999 3727 to
1017 3693 1057 3742 sq.

220 3766 248 3831 5)
266 3769 324 3819 Fue
341 3769 413 3819 kene
429 3771 457 3818 ki
471 3783 506 3855 cx
523 3771 660 3833 interpret.
681 3768 827 3819 Remusatii
844 3772 904 3821 Par.
927 3771 1007 3820 luae.
