2474 4500
337 843 780 918 Praeratlm

853 976 894 1043 4

145 1057 181 1115 ln
211 1055 406 1118 illustrandis
433 1068 581 1122 veterum
610 1063 758 1127 Indorum
785 1067 880 1132 rebus
907 1079 940 1131 et
962 1071 1061 1135 ador·-
1114 1120 1117 1124 r

55 1160 164 1224 nanda
185 1183 294 1226 eornm
336 1165 468 1228 historia
502 1178 654 1247 quantum
689 1170 876 1234 adiuvemur
903 1176 1061 1256 alienige-

55 1288 168 1330 narum
190 1273 376 1351 populorum
399 1275 539 1356 scriptis,
561 1278 750 1355 praesertim
775 1281 945 1360 quumlndi
963 1277 1061 1343 chro-

55 1377 205 1456 nologiae
225 1380 282 1440 vix
307 1399 436 1459 operam
458 1383 617 1463 navarint,
664 1383 745 1444 inter
773 1404 884 1446 omnes
912 1387 983 1447 cius
1015 1386 1062 1448 rei

57 1481 178 1560 peritos
202 1491 338 1545 constat.
365 1484 484 1547 Eorum
505 1488 697 1566 populorum
711 1489 863 1568 imprimis
886 1497 953 1550 tres
975 1499 1059 1552 sunt.

57 1588 190 1652 Graeca
215 1590 377 1653 volumina
406 1593 437 1653 in
479 1594 616 1655 oninium
648 1595 794 1655 manibus
830 1604 1000 1657 versantur
1028 1605 1062 1658 et

58 1710 141 1772 quae
158 1691 230 1753 inde
250 1692 368 1755 hauriri
389 1704 524 1773 possunt
545 1699 824 1775 praestantissima
846 1698 885 1759 de
900 1676 1061 1762 Brahma·

55 1802 107 1862 nis
129 1803 320 1886 testimonia,
361 1803 423 1863 iarn
445 1801 499 1862 diu
530 1801 766 1882 perpenduntur
796 1811 828 1863 et
856 1804 1060 1866 illustrantur.

57 1911 172 1989 Nuper
194 1907 246 1969 cdi
267 1917 401 1989 coeptae
420 1917 494 1969 sunt
516 1909 697 1971 sinensium
719 1909 939 1990 narrationes,
979 1929 1061 1990 quac

57 2014 229 2079 dummodo
250 2016 375 2076 nomina
396 2025 485 2076 recte
512 2013 710 2093 interpretari
742 2014 892 2096 contigit,
922 2033 1061 2078 accura-

58 2123 202 2185 tissimae
224 2132 307 2199 sunt,
336 2131 369 2182 et
390 2122 503 2181 mirum
525 2127 679 2199 quantum
706 2119 749 2180 ad
769 2121 878 2183 Indiae
899 2125 1060 2206 cognitio-

58 2245 132 2287 uem
140 2224 322 2307 augendam
330 2233 361 2285 et
369 2225 536 2286 certiorem
550 2223 743 2286 reddendam
751 2225 934 2307 conserunt,
943 2228 1059 2308 iucipi-

60 2334 193 2395 untfere
203 2333 315 2395 codem
324 2341 477 2413 tempore,
492 2351 553 2411 quo
562 2331 713 2395 Graecae
723 2332 894 2394 relationes
902 2333 1060 2396 desinunt.

58 2441 119 2500 llis
142 2440 227 2500 tertii
247 2437 402 2501 accedunt
414 2438 555 2518 Arabos,
578 2437 643 2518 qui,
673 2438 735 2500 etsi
757 2441 841 2501 siout
854 2451 997 2522 tempore
1016 2442 1062 2504 ita

58 2544 156 2607 etiam
176 2545 279 2624 pretio
302 2562 422 2625 eorum,
446 2561 530 2623 quae
552 2541 758 2626 tradiderunt,
779 2547 922 2626 utrisque
951 2547 1061 2608 inferi-

59 2669 133 2711 ores
157 2659 243 2723 suut,
266 2657 374 2710 tamen
395 2647 495 2708 multa
516 2646 600 2706 scitu
621 2645 718 2726 digna
739 2647 901 2729 exhibent,
924 2669 1007 2729 quoe
1027 2660 1062 2712 ut

59 2757 301 2832 examinentur,
353 2754 470 2817 dudum
497 2754 560 2814 iarn
597 2753 628 2812 in
657 2757 922 2816 commentatione
950 2758 1060 2819 nescio
1087 2761 1090 2768 '

59 2874 165 2926 utrum
180 2863 323 2944 doctiori,
347 2882 388 2926 au
409 2863 606 2944 elegantiori,
629 2881 724 2942 quam
745 2862 785 2923 de
805 2870 939 2924 nostrae·
955 2881 1062 2925 rorum

58 2971 239 3033 Indicarum
260 2969 390 3030 notitiae
411 2969 614 3032 incrementis
643 2975 676 3027 et
703 2967 881 3029 conditione
909 2968 1063 3031 hodierna

59 3077 204 3158 scripsit,
226 3075 422 3137 desideravit
442 3075 485 3136 V.
506 3073 554 3134 lll.
578 3075 620 3133 A.
649 3070 690 3134 G.
712 3090 737 3135 a
759 3073 936 3137 Scunnonn
959 3074 1062 3153 (Bcrl.

58 3183 130 3244 Kal.
156 3182 245 3244 1829.
270 3201 301 3261 p.
322 3183 390 3255 80).
435 3180 541 3258 Quum
572 3189 680 3242 autem
721 3199 760 3242 ea
785 3182 818 3242 in
843 3183 949 3244 multis
975 3181 1062 3244 libris

57 3300 227 3353 exstarent
248 3289 404 3374 dispersa,
425 3290 510 3351 huuc
529 3308 593 3371 ego
612 3291 676 3351 iam
698 3292 729 3352 in
754 3309 806 3352 me
833 3292 972 3354 laborem
1003 3309 1064 3354 su·

59 3396 152 3475 scopi
170 3397 215 3458 ita
234 3395 474 3474 perficiendum,
510 3405 557 3479 ut,
589 3415 796 3480 quaecunque
817 3400 922 3462 adhuc
941 3399 1060 3464 inedita

59 3502 124 3562 sint
147 3509 180 3569 et
206 3503 279 3562 luce
306 3500 403 3582 digna
437 3500 625 3582 videantur,
672 3504 822 3585 colligam
853 3513 886 3565 et
913 3513 1062 3585 quantum

59 3608 128 3670 fleri
149 3617 258 3690 potest
277 3608 441 3671 illustrem.
471 3608 571 3671 Cuius
602 3611 709 3690 operis
740 3611 825 3692 Tibi,
866 3611 903 3673 B.
929 3612 980 3695 L,
1008 3613 1062 3675 hic

8 3755 10 3789 z
59 3716 154 3796 qnasi
174 3716 358 3794 speciminis
389 3717 459 3776 loco
479 3717 615 3794 primum
644 3715 728 3778 sisto
756 3717 944 3780 fasciculum
954 3763 966 3802 ,
999 3739 1062 3782 non
