2474 4500
568 262 795 326 ..202-

171 445 303 509 lribent¹
351 443 605 527 Carycpbyllum
624 442 668 505 ibi
687 443 843 525 frequens
865 450 918 505 est
938 450 972 505 et
992 443 1059 507 bec
1078 444 1178 519 made

171 558 370 633 exportatur.
412 534 631 632 Mercatores,
662 547 818 631 depositis
846 549 878 611 in
903 549 997 613 litere
1015 552 1179 617 mercibus

171 658 239 721 suis
271 657 304 719 in
333 656 465 737 navigia
491 654 622 717 redeunt
653 655 758 738 ibique
785 664 1017 737 exspectantes
1036 668 1179 725 nuent

169 765 269 827 Mane
296 761 380 845 apud
407 765 556 843 quamvis
585 780 725 824 mercem
752 764 878 843 copiam
898 764 1180 849 caryephyllerum

170 870 355 951 inveniunt,
388 886 470 949 quae
497 867 526 928 si
553 866 680 950 placet,
712 884 784 930 eam
813 868 927 931 relicta
954 890 1062 935 meree
1089 874 1180 957 capit

170 984 348 1057 mercator3
379 979 408 1037 si
433 984 599 1057 utramque
614 976 759 1060 capiunt,
785 978 880 1039 navis
900 979 1032 1043 solvere
1051 982 1178 1067 nequit,

122 1084 237 1151 tenid
258 1093 332 1146 ante
357 1084 541 1146 alterutram
568 1091 692 1164 partem
718 1085 904 1149 remiserint.
945 1088 985 1153 st
1005 1082 1077 1170 quis
1099 1110 1179 1173 pre-

172 1194 251 1256 tium
273 1192 386 1273 augeri
405 1193 493 1272 vult,
526 1198 693 1270 utramque
716 1190 880 1274 relinquit,
911 1198 981 1255 tum
1002 1195 1034 1255 ei
1053 1170 1180 1279 caryc-

171 1301 282 1382 phylla
306 1293 457 1361 addunt²
507 1298 632 1379 Aliquis
660 1305 874 1359 mercatorum
902 1300 1045 1369 narravit
1069 1318 1121 1373 ,se
1146 1302 1181 1365 in

170 1408 308 1471 insulam
337 1404 547 1467 descendisse
580 1413 612 1466 et
645 1400 688 1466 ibi
729 1404 875 1468 homines
897 1392 1035 1491 'vidisse
1083 1410 1178 1475 fem

173 1513 320 1610 (least)
368 1512 462 1573 vultu
491 1510 605 1571 'l'urcis
642 1511 735 1572 simili
770 1519 804 1572 et
839 1512 970 1575 auribus
1002 1512 1180 1595 perferatis

172 1611 354 1695 praeditos,
382 1611 531 1691 crinitas,
564 1609 710 1671 muliebri
737 1618 851 1695 creatu
880 1610 1027 1693 indutos,
1056 1614 1116 1695 qui
1137 1634 1183 1677 ne

175 1718 356 1781 viderentur
376 1736 415 1779 sc
435 1708 684 1785 abscondebant.
717 1702 932 1799 Mercatores,
955 1719 1010 1799 qui
1030 1738 1091 1783 ees
1105 1722 1182 1785 l’ru-

179 1832 249 1887 stra
270 1824 357 1886 adire
378 1832 598 1906 tentaverant,
648 1841 774 1885 merces
794 1825 826 1885 in
852 1825 944 1887 litere
970 1828 1183 1913 reliquerunt,

172 1930 232 1995 scd
253 1932 337 1993 nulle
358 1929 495 1993 adducto
516 1929 725 2011 caryephylle
753 1940 984 2014 cognoverunt,
1006 1934 1077 1997 lieri
1098 1934 1179 2019 hcc,

174 2041 323 2122 queniam
345 2057 404 2101 ecs
426 2039 690 2119 conspexissent,
721 2045 754 2099 et
778 2038 920 2119 pluribus
940 2039 1067 2105 demum
1090 2044 1183 2107 annis

175 2147 367 2209 intermissis
411 2144 453 2206 ad
490 2143 624 2205 eundem
661 2144 764 2205 lecum
803 2128 955 2207 rediere(
995 2148 1182 2213 menbrum

175 2261 289 2315 vestes
313 2272 333 2313 e
353 2251 465 2313 frende
492 2250 614 2313 arboris
635 2250 844 2312 coniiciuntur
871 2248 923 2313 blf
947 2250 1068 2337 dictae,
1090 2254 1183 2325 curius

174 2344 298 2423 fructus
319 2358 465 2421 eduntur.
486 2358 672 2420 Vescuntur
687 2358 812 2420 animali
832 2376 948 2423 cancre
969 2361 1076 2445 simili,
1096 2360 1184 2447 qued

175 2468 258 2532 siin
279 2478 395 2530 terram
424 2464 508 2547 exit,
536 2466 568 2527 in
595 2465 731 2546 lapidem
763 2465 876 2528 durum
904 2474 1066 2555 mutatur,
1095 2468 1183 2554 qued

173 2583 283 2637 notum
305 2583 370 2653 est3
399 2580 572 2652 usurpatur
600 2571 640 2634 ad
668 2573 802 2654 collyria
830 2560 1006 2654 paranda.³
1045 2578 1180 2643 Incolae

175 2689 353 2743 vescuntur
381 2679 541 2761 piscibus,
570 2678 706 2761 arianis,
735 2678 870 2740 nucibus
890 2678 1027 2763 Indicis,
1056 2700 1182 2769 carye-

176 2785 296 2868 phylle.
342 2785 387 2847 Et
415 2784 468 2865 qui
499 2781 742 2864 caryephyllum
770 2800 886 2844 recens
914 2782 994 2870 edit,
1030 2786 1062 2851 is
1089 2790 1181 2865 eern'c

174 2913 239 2957 nen
260 2872 428 2957 coniicitur
449 2908 552 2970 neque
574 2890 707 2970 capillus
728 2890 796 2952 eius
818 2894 971 2955 canescit

258 3003 384 3063 rreum
400 2985 545 3062 1111111
565 3000 596 3061 n
619 2999 698 3061 nari
717 2999 841 3084 nureo,
861 3001 1005 3067 habitata
1024 3004 1205 3099 aunem,

175 3110 271 3171 nibus
290 3106 352 3170 rufl
371 3106 505 3189 coleris,
534 3108 650 3169 faciem
672 3108 704 3169 in
725 3117 858 3190 pectore
877 3112 1094 3192 gestantibus.
1133 3098 1215 3181 Iti*

175 3238 410 3257 μ

195 3307 343 3368 1)1ledem
361 3313 445 3365 verba
467 3314 538 3376 apud
565 3306 746 3364 Sindabidum
774 3314 816 3363 ed.
844 3311 943 3377 Largi.
964 3327 988 3377 p.
1006 3302 1185 3387 ll'lemm,

246 3410 289 3460 ubi
313 3410 419 3460 lnsrrlae
435 3422 535 3460 nemen
552 3410 579 3460 ln
595 3396 696 3479 ΛΜ
713 3419 868 3475 corruptum
887 3420 937 3465 est.
955 3415 1061 3467 Genua
1069 3412 1185 3485 Ἀγαθοῦ

241 3489 359 3557 δαίμονος
376 3497 449 3560 νῆσον
465 3495 492 3543 in
509 3495 575 3544 mari
590 3495 680 3544 Indico
698 3497 775 3545 novit
791 3499 883 3560 Steplr.
900 3501 965 3561 Bya.

195 3580 224 3651 2)
240 3583 363 3635 Eundem
379 3588 550 3634 mercaturae
566 3585 675 3633 medum
692 3585 725 3633 de
743 3585 854 3637 scribes
871 3589 953 3639 tradit
973 3589 1040 3641 Pllrr
1062 3590 1115 3655 vl,
1139 3590 1185 3649 24.

244 3676 278 3723 de
293 3674 430 3755 veteribus
449 3675 626 3737 deprebensae
642 3672 747 3737 incelis,
766 3688 833 3735 ques
850 3679 997 3729 daemones
1014 3678 1100 3731 nure
1117 3692 1186 3743 per-

244 3765 325 3830 lribet,
344 3767 533 3831 peregrinator
551 3765 671 3818 §irensis
687 3766 746 3816 Fac
762 3767 840 3819 Faue
857 3771 891 3821 lli
906 3784 933 3834 p.
950 3770 1016 3825 882.
