2474 4500
596 308 820 370 ..193-

203 512 261 553 rex
282 512 355 555 eum
372 493 487 573 triplici
506 510 632 555 summa
651 491 796 575 mulctat,
818 492 910 553 cuius
939 510 1005 555 naa
1023 508 1104 573 pars
1130 506 1220 567 cre.-¹

203 600 315 681 ditori,
352 600 434 663 duae
462 601 605 682 reliquae
631 601 703 682 rogi
729 599 907 681 obtingunt.
948 598 1056 681 llegr's
1079 580 1196 661 'morti

202 725 332 787 corpus,
353 724 450 769 arcae
470 726 514 769 cx
534 706 631 768 ebore
650 707 705 767 vel
731 706 856 768 santulo
884 706 994 767 factae
1021 704 1195 785 impositu

203 821 362 877 crematur
390 830 451 873 nec
478 812 519 874 ab
545 832 585 874 eo
606 811 728 874 recedit
754 813 825 874 eius
851 830 934 875 uxor
960 810 1021 873 sed
1049 830 1116 875 una
1138 808 1196 895 igni

204 927 439 981 consumuntur.
481 921 518 979 ln
546 919 609 980 hac
643 920 747 980 insula
776 919 878 981 omnis
905 918 1036 1001 generis
1062 926 1195 981 amm
1233 921 1237 974 l

204 1034 240 1087 ct
257 1024 463 1087 odoramenta
485 1032 573 1107 sunt,
597 1035 630 1087 et
645 1024 861 1108 agalmatum,
881 1045 948 1089 nux
961 1024 1088 1107 Indica,
1101 1022 1192 1087 muti
1227 1034 1237 1100 l

205 1131 384 1214 capreolus,
406 1133 514 1213 plures
535 1128 711 1213 hyacinthi,
733 1132 802 1192 auri
823 1138 857 1193 et
883 1130 1010 1213 argenti
1036 1130 1143 1193 lodiua
1165 1134 1192 1189 at
1224 1121 1237 1204 Ι

204 1240 348 1321 piscatus
384 1240 636 1321 margaritarum.
679 1238 730 1301 Ad
759 1238 946 1321 prophetam
974 1238 1040 1301 lruo
1073 1232 1191 1327 roim
1222 1209 1237 1318 'l

205 1344 339 1408 dictum.
360 1346 625 1427 praestantissimi
645 1347 799 1428 locorum,
821 1344 864 1407 ad
881 1362 967 1437 quos
978 1316 1190 1457 coquas&
1221 1322 1237 1423 d

206 1460 283 1513 sunt
304 1452 429 1533 cameli,
450 1460 524 1512 sunt
537 1452 668 1533 Mecoa,
690 1451 753 1513 hoc
775 1468 883 1513 meum
896 1434 1069 1537 templdm
1068 1426 1106 1513 ot
1110 1416 1189 1509 tan·

206 1560 320 1639 plum
311 1580 343 1619 ιιι
364 1560 457 1620 terris
481 1559 634 1620 ultimum.
658 1560 694 1619 ln
715 1558 936 1637 'l'aprobanam
955 1556 1096 1619 insulam
1114 1552 1189 1617 nu·
1227 1539 1230 1544 ’

207 1681 280 1725 mus
300 1672 409 1725 noster
431 1664 568 1725 omnium
588 1671 681 1745 pater
697 1663 856 1725 demissus
877 1672 951 1744 est,
978 1662 1043 1723 et
1033 1682 1067 1723 ιιι
1088 1680 1127 1723 ea
1143 1673 1190 1741 pot

208 1768 278 1828 cius
307 1785 389 1828 unus
416 1766 447 1828 in
476 1787 553 1847 rupe
585 1768 762 1849 impressus
785 1776 852 1847 est3
872 1767 904 1827 in
922 1766 986 1827 hoc
1000 1774 1111 1827 monte
1125 1778 1192 1847 quo
1231 1757 1237 1768 '

209 1872 285 1935 tidie
307 1876 503 1957 conspicitur
514 1876 634 1937 fulmen
644 1878 729 1937 nulla
741 1876 823 1937 nube
836 1884 1010 1956 apparente
1030 1870 1194 1957 nequoullt

209 1980 262 2043 die
284 1981 392 2043 delicit
413 1984 540 2067 pluvia,
562 2002 647 2064 quae
669 1984 845 2065 vestigium
868 1985 984 2047 abluat.
1005 1980 1195 2067 Hyacinthus

209 2089 306 2151 ruber
326 2108 368 2150 ex
391 2091 440 2152 his
460 2092 619 2154 montibus
640 2110 697 2171 per
718 2100 877 2153 torrentes
899 2092 930 2153 in
947 2090 1068 2153 vallem
1083 2084 1196 2155 devovi

212 2195 330 2257 dicitur
351 2206 385 2257 et
406 2214 480 2258 cum
511 2217 549 2258 eo
579 2197 767 2260 adamantes
793 2208 827 2260 et
847 2199 985 2280 berylli.¹
1006 2198 1136 2261 Plurimi
1156 2196 1198 2257 in·

211 2301 303 2362 sulao
333 2303 456 2364 incolae
485 2305 572 2384 magi
599 2312 692 2386 sunt,
730 2305 810 2366 intcr
839 2322 920 2384 quos
949 2304 1046 2365 etiam
1070 2296 1198 2365 llmltni

211 2406 342 2487 degunt.
383 2410 508 2470 Peoora
528 2409 641 2471 indolis
663 2418 728 2471 tam
749 2410 942 2483 praestantis
961 2418 1049 2491 sunt,
1063 2486 1070 2497 1
1082 2414 1119 2487 ut
1136 2422 1198 2469 ou!

211 2518 328 2579 uostris
349 2520 407 2579 vix
427 2518 521 2581 aliam
532 2529 659 2599 praetor
672 2520 792 2600 speciei
806 2519 1042 2582 similitudinem
1055 2518 1198 2593 habeam
1236 2550 1237 2574 r

88 2658 91 2663 ·
213 2627 331 2689 arictes
351 2628 394 2690 ibi
415 2628 613 2690 inveniuntur
640 2628 753 2689 decem
774 2628 924 2690 cornibus
944 2624 1091 2707 praediti.
1132 2620 1200 2687 luda

214 2744 303 2798 ortus
332 2746 384 2798 est
426 2736 528 2800 Sadid
563 2736 673 2812 [aldin]
719 2736 949 2819 Sarandibius,
980 2755 1095 2819 quem,
1117 2752 1201 2817 quum

218 2842 400 2922 Qazvinum
430 2845 594 2927 migraret,
617 2846 686 2906 eius
708 2845 793 2907 urbis
814 2844 938 2906 incolae
959 2844 1136 2905 lectissim
1152 2858 1204 2901 ex·

215 2957 383 3028 ceperuut3
404 2946 500 3010 iudex
522 2938 615 3031 euim,
637 2950 689 3029 qui
711 2948 753 3008 ibi
775 2955 853 3030 crat,
890 2965 963 3008 cum
982 2946 1155 3028 praetentis
1173 2952 1204 3005 tc

214 3055 477 3117 administrationi
496 3055 675 3125 immiscuit,
700 3053 784 3133 quod
798 3070 896 3133 aegre
909 3051 1018 3112 ferens
1033 3050 1127 3131 plebs
1137 3064 1204 3111 sac·

216 3161 290 3242 pius
328 3162 493 3223 tumultum
527 3162 682 3222 excitavit
716 3156 895 3238 indicisque
930 3156 1059 3219 domum
1094 3150 1207 3235 diripuit

216 3274 250 3328 et
273 3265 442 3328 destruxit.
484 3266 658 3346 Postquam
681 3274 788 3327 autem
810 3260 1021 3353 Sarandibius
1041 3260 1086 3323 ibi
1105 3256 1207 3323 sodon
1231 3266 1236 3273 '

236 3595 264 3649 1)
281 3593 321 3641 De
338 3594 389 3642 loc
404 3591 516 3642 mlmlne
532 3593 595 3642 vide
611 3594 690 3653 plura
707 3596 778 3654 apud
796 3587 958 3643 lailtslriuru
981 3592 1017 3647 do
1042 3588 1155 3655 genua
1174 3591 1213 3645 ed.

284 3685 353 3739 llav.
370 3698 394 3745 p.
412 3683 462 3745 82,
488 3682 531 3745 qui
548 3684 573 3732 id
590 3684 741 3745 nyaztnttts
758 3682 830 3733 effici
844 3680 973 3744 partinet.

234 3792 266 3858 a)
282 3792 350 3845 uam
367 3794 422 3857 reg.
439 3793 497 3849 vu.
519 3773 627 3873 ,ppt
