2474 4500
557 286 768 351 ..32-

177 483 254 535 tune
272 493 294 535 a
311 484 402 556 parte
422 475 521 557 ipsius
541 472 650 535 Indiae
669 471 773 550 venit,
795 470 848 533 bic
868 491 979 554 regern
1006 470 1176 536 Sindicum

177 593 455 646 commemoratum
475 583 630 644 babemus
651 600 689 642 eo
709 588 865 663 tempore,
887 599 949 661 quo
963 579 1090 642 Arabis
1106 578 1198 659 jam.

176 697 294 753 terram
324 693 482 754 tenebant.
523 690 648 753 Deinde
674 698 817 750 narratur
845 707 879 752 v.
902 690 969 751 154.
983 708 1031 771 sq.
1083 688 1180 780 Qan-

176 800 387 861 karavarman
405 800 594 862 Alalrhanae
616 784 792 878 Gurg'arae
813 798 882 879 regi
902 817 1036 879 regnum
1058 796 1174 877 eripu-

176 904 243 965 isse
257 903 392 986 ejusque
402 907 559 967 minimam
573 901 949 989 tantumpartemffl
963 910 1178 983 nuncupatam

177 1023 360 1087 reddidisse.
385 1028 550 1106 Quaenam
564 1016 725 1111 Gurg'ara
744 1030 797 1092 bic
816 1030 1019 1111 intelligenda
1039 1028 1092 1112 sit,
1114 1044 1179 1087 nen

179 1132 261 1194 satis
293 1133 405 1214 liquet3
436 1144 488 1197 est
519 1138 601 1198 enim
638 1134 731 1197 etiam
758 1138 790 1199 in
827 1136 1068 1217 Pentapotamia
1107 1132 1183 1213 ejue

179 1240 311 1301 nominis
333 1243 442 1325 regio,
487 1228 697 1306 aWiisone¹
727 1262 852 1324 quoqne
880 1243 943 1306 buc
971 1252 1094 1326 tracta,
1138 1239 1180 1304 de

180 1346 271 1426 eujus
293 1348 358 1409 situ
379 1350 578 1411 accuratiora
598 1352 731 1431 praebet
750 1348 948 1413 Kircherus²
970 1358 1041 1413 eam
1063 1347 1178 1431 appel-

179 1452 250 1515 lans
270 1454 469 1516 Gamalam
488 1461 640 1517 minorem
666 1476 732 1518 oon
749 1460 843 1535 lotape
872 1479 892 1518 a
919 1475 1018 1535 reque
1039 1456 1181 1517 Ouaunia*

181 1584 202 1625 o
233 1563 345 1625 nator
373 1568 519 1627 triduano
548 1572 660 1627 itinere
688 1571 733 1629 od
761 1572 1002 1646 septentrionem
1031 1570 1179 1641 maecepto

180 1672 333 1734 diaeitarn.
375 1672 503 1735 Nomen
523 1682 689 1736 servatum
710 1693 783 1736 esse
803 1674 929 1736 videtur
955 1674 986 1733 in
1007 1670 1085 1731 urbe
1108 1666 1181 1731 Gu-

181 1790 291 1863 zerat,
314 1800 397 1863 quae
419 1785 590 1847 etiamnum
611 1785 652 1847 ad
667 1787 765 1866 ripam
777 1771 1040 1862 C'andrabhdgae
1061 1785 1181 1841 exstat.

181 1889 308 1953 Nomen
329 1891 534 1971 Montanae,
557 1893 641 1974 qnod
663 1893 842 1956 sanslrritae
872 1891 1000 1971 originis
1030 1876 1105 1975 non¹
1120 1892 1180 1970 est,

182 1999 355 2064 Arabicum
376 2020 453 2063 esse
472 2010 562 2082 putat
584 2004 704 2087 Wiiso,
728 2010 760 2063 et
784 1999 979 2063 Guzeratam
999 1998 1086 2058 iiiam
1106 2004 1182 2057 tune

182 2109 223 2171 ab
236 2109 396 2170 Arabibus
411 2116 599 2188 occupatam
611 2108 711 2169 fuisse
725 2105 797 2167 inde
814 2104 946 2186 configit,
961 2100 1044 2182 quod
1055 2099 1181 2161 minime

183 2215 344 2297 probabile
366 2222 425 2293 est
451 2216 537 2275 Nam
557 2234 662 2297 neque
683 2233 721 2275 eo
743 2213 868 2275 Arabes
890 2215 1062 2291 venerunt,
1085 2222 1181 2289 quum
1220 2260 1223 2265 .

184 2322 297 2384 Lahoa
314 2340 346 2383 m
371 2320 459 2421 W
494 2339 621 2403 semper
661 2341 682 2384 a
715 2338 795 2402 rege
830 2318 938 2380 indico
975 2316 1184 2399 gubernatam

184 2450 284 2515 fuisse
317 2462 350 2514 et
377 2451 562 2516 Mabmirdis
591 2450 793 2515 Ghaznevici
833 2452 963 2515 historia
999 2448 1113 2511 doceat
1151 2449 1186 2505 et

184 2560 245 2641 ipsi
271 2561 399 2622 annales
427 2561 657 2645 Kapmirenses
689 2554 910 2644 confirment³,
955 2576 1060 2639 neque
1088 2554 1186 2615 ulium

191 2667 362 2731 Arabicum
382 2671 572 2733 vocabulum
592 2669 708 2732 nomini
729 2669 923 2751 respondere
938 2667 1073 2729 videtur.
1097 2662 1187 2725 liae-

186 2774 259 2837 dem
279 2777 419 2840 rationes
442 2780 618 2863 prohibent,
641 2782 807 2861 quominus
840 2778 879 2840 de
906 2776 1074 2841 Guzarata
1103 2789 1185 2853 pen·

186 2879 289 2945 insula
303 2884 473 2969 cogitetur,
497 2904 598 2966 eaque
609 2887 640 2946 in
653 2886 860 2947 narrationem
876 2884 970 2945 etiam
985 2882 1090 2943 minus
1101 2884 1187 2959 apta.

188 2986 279 3065 Quae
300 2990 395 3071 igitur
414 2992 446 3052 in
467 2992 546 3073 ipsis
560 2993 723 3053 annalibus
736 3011 798 3052 non
814 2996 922 3050 exstat
938 2986 1082 3050 Arabum
1093 3002 1190 3045 men-

188 3095 243 3179 tio,
266 3115 336 3157 eam
354 3096 576 3177 epitomatores
587 3096 710 3160 Persici
723 3097 812 3177 larga
829 3113 924 3155 manu
936 3092 1118 3154 intulerunt.
1138 3089 1191 3150 Ita

194 3200 328 3263 eundem
344 3200 677 3293 Qankaravarmanem
688 3203 718 3263 in
734 3210 875 3263 extrema
890 3208 997 3262 aetate
1012 3198 1044 3258 in
1058 3190 1192 3281 Kherb-

196 3309 307 3371 simam
328 3310 488 3372 invasisse
501 3319 607 3373 narrat
627 3302 832 3392 Badiaddint,
855 3308 929 3369 dum
956 3309 987 3367 in
1005 3294 1194 3367 annalibus³

192 3414 311 3477 diserte
330 3417 578 3497 septentrionem
592 3435 710 3478 versus
731 3423 846 3497 gentes
867 3414 981 3476 Indum
1003 3410 1196 3474 accolentes

210 3666 240 3724 t]
258 3669 343 3721 Asiat.
364 3674 426 3720 Res.
446 3674 507 3723 XV.
531 3688 555 3733 p.
574 3676 619 3722 ca.
654 3674 683 3728 2)
701 3672 783 3723 Cbinn
795 3672 937 3736 ,illustrata
955 3682 980 3730 p.
999 3668 1045 3716 et.

208 3763 239 3815 3)
257 3765 286 3811 ut
303 3764 342 3811 Vi
361 3764 426 3829 179,
444 3766 486 3814 ubi
504 3753 664 3829 sinnamg'n
681 3779 741 3829 rex,
757 3768 891 3825 regnante
906 3762 931 3810 in
943 3758 1077 3825 Kacmira·
1089 3758 1195 3807 Xema-

260 3858 344 3917 gupte
361 3855 516 3913 (etl-ata
533 3856 619 3921 cm),
636 3860 865 3907 commemoratur.
889 3854 921 3911 4)
939 3852 1030 3904 Wilso
1040 3850 1060 3903 l.
1075 3848 1095 3900 1.
1107 3862 1133 3909 p.
1145 3852 1185 3898 tte
