2474 4500
505 298 792 403 -.m-¹

118 471 316 559 efformavit,
350 488 460 543 nostra
483 483 702 560 procreatione
732 483 898 549 utilitatem
926 486 1118 565 perceperit,

118 581 168 643 vel
186 601 267 649 uum
286 604 308 649 a
326 603 365 649 se
385 584 534 649 mmuum
565 596 693 653 avertat
719 591 812 653 nobis
840 611 860 654 e
887 587 1005 653 mundo
1035 607 1119 651 eva-

117 690 322 753 nescentibus
342 692 397 753 vel
417 712 494 755 num
515 692 640 777 eidem,
675 697 730 759 oui
755 715 835 782 nos,
865 696 1053 761 necessitati
1078 714 1120 759 ao

120 790 293 859 defectioni
350 799 508 863 obnoxius
559 802 603 863 sit
649 812 682 863 et
739 823 815 865 num
863 813 1032 886 exemptus
1077 803 1122 865 sit

120 902 161 965 de
189 905 277 967 omni
302 909 476 970 mutatione
503 916 601 988 atque
627 925 691 989 quo
726 908 821 973 modo
848 927 910 973 nos
930 909 1059 973 aboleat
1086 918 1122 969 et

116 1007 219 1092 tollat,
252 1020 423 1093 postquam
456 1015 675 1077 exstiterimus
711 1022 744 1075 et
778 1015 844 1077 nati
879 1016 991 1077 umus.
1031 1012 1122 1075 Dixit

115 1117 239 1199 primus
259 1127 294 1185 et
312 1121 571 1200 spectatissimus
590 1140 716 1185 eorum:
735 1141 813 1183 uum
832 1121 945 1183 vidisti
959 1140 1057 1185 unum
1077 1138 1121 1181 ex

114 1221 310 1307 hominibus,
331 1228 384 1306 qui
403 1245 458 1289 res
479 1236 671 1309 apparentes
691 1237 724 1290 et
737 1228 883 1291 occultas
900 1248 980 1289 vere
993 1245 1121 1309 coguo-

115 1326 215 1409 verit,
238 1327 284 1392 ita
304 1337 351 1410 ul,
375 1331 450 1410 quid
470 1334 617 1414 voluerit,
644 1333 785 1415 attigerit
812 1342 845 1395 et
863 1334 895 1394 in
915 1332 1034 1395 fiducia
1059 1349 1120 1394 are

115 1435 286 1513 quiescere
305 1432 469 1517 potuerit?
511 1439 632 1502 Statuit
655 1440 752 1503 alter:
785 1440 816 1501 si
842 1440 998 1503 creatoris
1024 1440 1120 1519 sapi-

113 1540 204 1605 entia
236 1544 268 1605 in
293 1561 355 1607 una
383 1547 618 1609 emanatienum
647 1545 689 1609 ad
716 1555 896 1609 extremum
924 1545 1120 1627 perveniret,

112 1655 149 1715 in
169 1668 211 1711 ea
233 1647 379 1713 detectus
401 1659 503 1734 esset,
523 1670 629 1732 neque
650 1653 859 1733 attingeretur
879 1668 1018 1735 scopus,
1048 1651 1150 1731 ipsa?

114 1757 299 1821 detectione
319 1758 352 1821 id
372 1757 568 1839 prohibente.
614 1760 741 1821 Tertius
764 1761 893 1839 sapiens
914 1759 1037 1821 docuit:
1059 1778 1121 1820 ne-

112 1885 214 1931 cesse
236 1874 287 1926 est
308 1866 495 1946 incipiamus
518 1868 653 1927 anostri
666 1867 805 1947 ipsorum
820 1866 1017 1947 cognitione,
1039 1883 1121 1946 quae

113 1970 209 2035 nobis
232 1971 368 2034 cronium
390 1991 494 2033 rerum
514 1972 653 2034 maxime
674 1972 848 2053 propinqua
865 1979 934 2053 est3
962 1973 1037 2034 nulli
1066 1982 1115 2036 rei

115 2094 180 2139 uos
199 2076 340 2158 aptiores
362 2095 472 2139 sumus
491 2096 553 2139 uec
580 2078 644 2138 ulla
670 2075 761 2138 nobis
789 2084 840 2138 est
867 2075 1117 2157 convenientior,

114 2190 288 2265 autequam
309 2183 463 2245 scientiae
483 2202 587 2245 rerum
607 2184 812 2245 remotiorum
833 2199 999 2245 vacamus.
1038 2183 1120 2244 'lum

86 2372 89 2376 λ
114 2298 251 2371 quartus
273 2288 367 2351 dixit:
385 2291 453 2351 Iam
466 2290 548 2350 male
563 2305 600 2347 se
624 2288 732 2372 habet,
756 2290 807 2369 qui
828 2309 866 2351 ee
888 2288 1051 2370 pervenit,
1088 2296 1121 2348 ut

114 2397 290 2478 suiipsius
312 2397 494 2478 cognitione
515 2397 545 2459 ei
566 2415 646 2477 opus
675 2406 773 2459 esset.
816 2394 947 2458 Addidit
982 2395 1117 2477 quintus,

112 2500 190 2565 inde
208 2503 425 2565 necessariam
445 2522 520 2565 esse
542 2503 795 2564 coniunctionem
826 2520 897 2563 cum
926 2501 1031 2563 doctis
1060 2518 1119 2562 sa-

113 2608 233 2690 pientia
270 2610 463 2691 conspicuis.
506 2610 633 2671 Monuit
669 2606 784 2671 deinde
821 2618 937 2671 sextus
975 2608 1118 2689 sapiens,

113 2717 185 2781 viro
205 2734 299 2779 suam
319 2716 419 2799 ipsius
444 2718 580 2781 salutem
608 2717 728 2779 amanti
755 2716 937 2798 convenire,
979 2724 1015 2776 ut
1044 2715 1120 2777 talia

113 2842 179 2885 non
197 2824 353 2905 negligat,
377 2827 566 2905 praesertim
591 2844 687 2906 quum
708 2824 739 2885 in
764 2823 828 2883 hoc
854 2819 972 2883 mundo
998 2821 1119 2881 maneri

113 2939 267 3013 nequeat,
293 2930 416 2993 sodex
443 2950 482 2992 eo
514 2931 641 2993 taudem
670 2928 850 2991 exeundum
879 2927 931 2988 sit.
972 2925 1118 3005 Denique

114 3037 293 3121 septimus,
315 3034 404 3121 nihil,
427 3039 535 3119 inquit,
557 3038 763 3119 exiis,‚quae
792 3035 970 3117 loquimini,
998 3034 1118 3094 iutelli-

112 3161 170 3227 go,
191 3143 325 3206 nisime
346 3144 377 3204 in
397 3143 547 3207 mundum
567 3144 725 3225 prodiisse
752 3151 878 3225 praeter
907 3141 1116 3221 voluntatem,

111 3248 145 3313 iu
165 3266 206 3323 co
229 3247 343 3317 vivere
380 3249 484 3309 annno
514 3249 634 3310 incerto
664 3255 697 3309 et
725 3265 801 3307 eum
828 3246 1011 3307 relicturum
1041 3262 1117 3305 esse

111 3354 257 3417 invitum.
299 3354 367 3415 Indi
388 3355 507 3435 antiqui
528 3364 561 3416 et
579 3354 775 3416 recentiores
796 3349 837 3412 de
858 3351 969 3413 horum
991 3360 1116 3430 septem

112 3460 239 3541 placitis
259 3462 348 3521 varie
368 3461 450 3521 inter
470 3478 509 3522 se
529 3460 744 3538 dissederunt3
780 3457 913 3539 quisque
936 3473 994 3516 eos
1015 3472 1115 3516 seeu-

111 3574 167 3629 tus
188 3565 363 3629 doctrinam
384 3585 495 3628 eorum
516 3565 657 3627 excoluit
664 3585 673 3644 3
696 3561 810 3626 deinde
824 3560 969 3624 studiose
990 3558 1031 3621 de
1049 3580 1114 3624 va-

109 3672 167 3735 riis
187 3682 351 3735 sectarum
371 3673 498 3754 placitis
520 3672 728 3755 disputarunt,
752 3687 881 3751 quarum
902 3686 1052 3729 numerus
1073 3670 1114 3731 ad

127 3829 159 3894 2)
176 3826 329 3881 Multduam
345 3832 439 3883 urbem
457 3832 588 3894 dampnat,
606 3830 641 3879 ct.
658 3827 773 3892 ilauqal.
788 3840 814 3888 p.
833 3826 878 3876 30.
