2474 4500
491 311 696 373 ..17-

116 490 256 555 suadente
276 492 347 575 ipso
366 494 551 575 provinciae
571 495 794 579 gubernatore,
815 497 857 559 ad
874 499 970 559 talem
982 514 1094 577 regern

116 604 362 683 apersecutione
389 603 531 665 khalisae
552 604 678 686 fugisse
698 613 732 666 et
752 604 835 686 apud
862 625 933 667 eum
957 604 1012 666 ‘diu
1040 605 1096 666 vi-

115 710 211 773 risse·
242 712 330 773 Esse
350 711 412 795 lri'c,
434 712 536 773 verba
553 720 628 773 sunt
648 712 869 793 gubernatoris
890 711 970 803 eins,
998 728 1094 771 unum

117 816 295 897 'er-regibus
315 815 463 899 Sindicis,
493 817 545 898 qui
571 818 707 898 amplam
733 818 896 901 regionem
922 825 955 878 et
980 818 1095 879 multos

115 922 397 1007 subditos-teneret,
419 932 454 984 et
474 941 664 1004 quamquam
684 923 763 985 deos
785 927 916 1006 coleret,
942 923 1096 985 Mulram·

114 1028 225 1092 nedem
266 1038 372 1092 tamen
408 1032 522 1129 poegni
564 1032 755 1093 aestimaret.
809 1031 942 1094 Omnino
992 1038 1097 1091 autern
1194 1104 1198 1113 ἱ

114 1135 148 1199 ita
182 1134 351 1218 indigenas
399 1136 518 1200 Sindos
567 1144 726 1202 tractasse
772 1135 919 1199 videntur
957 1136 1096 1218 Arabes,

114 1250 140 1305 ut
161 1244 201 1306 iis
223 1243 280 1305 uiti
299 1250 433 1325 possent
459 1251 569 1305 contra
589 1242 717 1305 Indicae
738 1243 870 1324 originis
891 1242 1022 1320 incolas,
1045 1241 1098 1322 qui

115 1358 176 1417 tuno
194 1355 260 1415 iam
280 1353 334 1415 ‹liu
354 1354 450 1437 longe
465 1372 523 1433 per
533 1352 800 1438 Algbaiuistbnam
816 1340 984 1434 propagati
999 1358 1097 1413 erant.

112 1457 152 1533 llr
170 1460 212 1521 iis
233 1461 330 1522 etiam
351 1460 514 1521 exercitus
535 1460 734 1540 supplebant,
755 1466 792 1521 ut
812 1459 844 1519 in
864 1455 1019 1536 exercitu,
1041 1456 1096 1538 qui

113 1583 181 1627 anuo
205 1564 268 1628 150
289 1564 367 1643 (inc.
393 1565 423 1626 5.
452 1566 545 1628 ll'ebr.
573 1565 653 1642 767)
683 1567 714 1627 in
743 1567 993 1646 Byzantiuorum
1018 1562 1100 1625 fines

111 1671 218 1757 irrupit,
241 1672 359 1735 diserte
382 1673 532 1737 cobortes
564 1650 713 1736 Sindicas
735 1682 961 1736 commemorat
971 1673 1100 1753 Diony-

113 1779 166 1843 sios
186 1780 424 1843 'l'elmabrensis
451 1781 484 1842 in
506 1780 664 1843 Chronico
693 1773 851 1864 Syriaco,
888 1781 1023 1860 scriptor
1049 1778 1101 1840 his

113 1889 194 1953 ntus
216 1890 383 1970 aequmst
405 1892 454 1953 lta
473 1890 504 1952 iu
526 1890 637 1956 Sindia
659 1909 786 1970 semper
810 1890 1017 1952 Arabicarum
1040 1906 1101 1949 oo-

114 1993 256 2059 louiarum
277 1995 415 2057 conditio
437 1996 549 2059 eadem
570 1998 646 2076 fuit,
684 2017 766 2078 quae
793 1997 925 2077 primurn
953 1995 1049 2057 etiarn
1069 1993 1101 2053 iu

113 2104 214 2167 meris
235 2104 408 2185 provinciis
428 2115 506 2170 erat.
537 2104 671 2185 Reliquo
692 2104 831 2186 regionis
851 2110 939 2164 statu
958 2119 1104 2163 nonmu-

114 2215 168 2271 lalo
188 2211 336 2292 singulae
357 2211 389 2273 in
410 2211 543 2293 singuiis
565 2211 644 2273 locis
659 2208 836 2271 consedere
848 2207 999 2289 familiae,
1020 2224 1104 2288 quac

116 2332 176 2383 tum
195 2317 356 2402 indigenis
383 2337 421 2381 se
447 2340 510 2382 non
540 2320 716 2381 miscebant
723 2363 736 2404 ,
771 2319 815 2379 ita
835 2326 870 2380 ut
890 2337 947 2400 per
972 2317 1104 2399 longum

112 2431 226 2509 ternpus
247 2447 320 2490 mos
342 2429 499 2491 Arabicus
520 2429 573 2491 bic
603 2429 666 2490 illic
685 2436 807 2511 tantum
835 2427 928 2509 quasi
956 2426 998 2509 in·
1011 2426 1106 2487 insu-

113 2529 315 2616 lisexstaret3
336 2534 419 2596 unde
432 2536 551 2615 factum
573 2545 635 2618 est,
657 2544 703 2617 ut,
726 2544 874 2597 cessante
887 2533 1028 2596 Arabum
1041 2532 1106 2593 irn-

114 2648 203 2727 perio,
232 2654 360 2726 praeter
386 2646 571 2726 religionem
599 2644 665 2706 fere
694 2643 812 2704 nullum
841 2643 910 2702 eius
937 2642 967 2703 iu
995 2636 1106 2703 Sindia

114 2751 489 2832 remaneretvestigium.
531 2750 625 2811 Haeo
647 2745 784 2809 conditio
807 2745 951 2806 omnibus
971 2742 1106 2823 provin·

69 2938 71 2949 Ι
114 2861 167 2923 ciis
188 2860 379 2922 Muslimicis
402 2861 441 2921 ab
463 2859 550 2921 initio
572 2856 757 2938 communis,
780 2854 843 2915 etsi
864 2854 896 2914 in
918 2848 1107 2935 quibusdam

69 2988 73 3001 ‘
114 2970 265 3032 elementa
286 2970 428 3031 Arabica
449 2987 523 3030 cum
543 2966 721 3048 peregrinis
750 2962 885 3026 celerius
904 2958 1107 3033 {commisce-

112 3090 223 3165 routur,
246 3080 410 3162 bucusque
431 3079 568 3142 nondum
590 3078 668 3140 satis
690 3077 847 3139 illustrata
870 3080 928 3135 est.
966 3073 1105 3134 Prorsus

112 3188 178 3261 talis
207 3166 269 3249 f'uit
296 3188 329 3249 in
356 3187 454 3269 Syria
482 3178 541 3247 sub
571 3183 749 3247 Seleucidis
777 3183 858 3245 ratio
895 3180 1108 3264 Graecorum,

117 3296 165 3375 qui
185 3296 228 3358 ibi
250 3295 353 3356 crebri
374 3295 404 3354 in
433 3294 560 3355 urbibus
590 3291 726 3354 Graecis
758 3292 842 3354 omui
870 3291 972 3353 alieno
1001 3292 1110 3355 habitu

115 3403 214 3467 liberis
234 3404 428 3485 babitabant,
450 3403 495 3464 ita
515 3402 554 3463 ab
572 3400 730 3482 indigenis
742 3400 870 3481 secreti,
892 3407 1110 3480 utpostquam

175 3643 234 3694 ulus
264 3655 287 3690 s.
316 3652 345 3689 v.
370 3630 530 3703 Manobralr.
565 3637 596 3691 6)
628 3632 656 3682 in
687 3628 877 3694 Kosegartenii
906 3627 1011 3683 Obrest.
1038 3632 1113 3686 arab.

180 3753 206 3801 p.
232 3734 295 3785 100.

134 3851 146 3900 1
150 3857 161 3909 ι
175 3821 309 3942 Lan
327 3849 432 3898 ossen.
450 3843 512 3894 ιιιι.
530 3842 631 3895 orient.
650 3841 684 3889 u.
702 3837 894 3893 insertor.

951 4000 972 4067 2
