2474 4500
487 301 695 363 ..49..

126 481 167 545 tri
186 493 306 569 potest,
341 477 449 547 ludaei
470 484 564 545 etiam
587 502 626 544 eo
653 483 791 563 irrepere
812 485 1004 563 omiserunt3
1032 500 1105 543 mc-

127 600 262 655 uumtur
286 590 401 672 oppida
422 609 549 671 quoque
570 591 609 651 ab
631 589 670 650 iis
691 591 771 650 solis
793 586 959 652 habitata.⁶
999 591 1105 652 Pere-

122 696 310 779 gueserna
333 696 553 778 privilegiam
574 695 689 757 tabuiis
711 697 820 757 aeneis
842 696 1003 776 descripta
1015 715 1036 758 a
1049 716 1106 758 re-

120 808 196 890 pbus
224 806 301 870 dota
326 799 439 886 sunt⁶;
469 824 643 885 eorumque
673 806 718 866 ita
745 807 851 867 crevit
878 814 1042 889 potestas,
1071 815 1108 868 ut

117 914 189 977 hod
203 915 239 977 iu
260 933 323 976 una
344 915 421 974 urbe
444 912 615 975 Christiani
643 912 766 992 regiam
786 912 976 993 dignitatem
1002 912 1108 993 adipi-

115 1018 299 1085 rarenter!
319 1022 429 1083 Etiam
447 1020 550 1081 maius
569 1020 698 1080 Arabes
718 1030 834 1100 postea
860 1021 1005 1083 assecuti
1035 1000 1111 1083 sunt

115 1129 350 1208 incrementum
377 1129 593 1209 maximopere
620 1146 730 1188 corum
751 1146 903 1188 numerus
920 1139 1033 1190 auctus
1056 1136 1110 1192 est

115 1248 142 1301 et
172 1256 269 1320 quum
297 1245 481 1298 mercatore
514 1236 584 1297 scre
613 1244 679 1297 tota
699 1236 731 1297 in
752 1255 861 1298 comm
882 1235 1029 1298 manibus
1050 1254 1111 1299 es-

113 1354 177 1427 set,
203 1345 274 1407 {ieri
294 1362 357 1404 non
378 1345 501 1426 potuit,
522 1343 597 1424 quin
619 1360 770 1423 maguam
789 1344 856 1405 vim
876 1343 908 1404 iu
929 1362 983 1405 res
1004 1344 1111 1425 publi-

114 1468 164 1515 cae
188 1458 387 1513 exercerent.
429 1451 560 1511 -Eomm
586 1450 799 1513 conditionem
833 1459 866 1512 ct
901 1468 973 1513 cum
999 1452 1112 1541 ipcolis

117 1556 369 1621 consuetudinem
396 1557 549 1619 describit
568 1559 627 1619 ibn
653 1552 847 1621 Bathutha⁸.
868 1561 985 1642 Longe
1011 1560 1113 1640 pluri-

116 1682 179 1727 ιω
198 1664 295 1726 exiis
310 1660 414 1723 fuisse
434 1671 643 1746 mercaturae,
666 1666 719 1744 qui
740 1665 772 1726 in
793 1666 924 1728 urbibus
948 1667 1113 1728 maritimis

119 1771 209 1833 vitem
228 1772 409 1855 degerent,
433 1777 577 1851 apparet.
599 1769 786 1832 Secundum
799 1768 1005 1833 AbuIIadem⁹
1024 1770 1115 1832 multi

120 1898 348 1917 5—-

177 1992 254 2029 orum
286 1991 381 2028 errore
405 1978 476 2028 male
499 1984 563 2029 orta
586 1984 649 2037 mr.)
671 1980 717 2029 bio
736 1991 820 2042 usque
850 1979 945 2030 venire
968 1980 1007 2031 ait
1028 1993 1115 2032 naves

176 2069 338 2131 sinensium,
357 2071 428 2131 quod
445 2072 573 2121 convenit
590 2085 650 2120 cum
667 2072 715 2120 Ibn
731 2072 806 2123 Batb.
824 2085 851 2130 p.
876 2071 918 2124 13.
938 2072 1041 2137 apere,
1072 2074 1118 2125 nbi

177 2153 383 2227 p.-12.Kriium
405 2160 573 2220 pronuntiari
595 2160 795 2221 praescribitur.
816 2162 884 2210 Inde
906 2175 924 2210 a
945 2163 1119 2215 Fondaraina

179 2246 271 2306 piures
290 2249 369 2296 urbes
386 2261 497 2309 prorsus
514 2248 638 2314 ignotas,
667 2255 697 2300 ut
714 2251 853 2302 Gerabtan
870 2253 954 2320 alias,
979 2262 1120 2307 enumerat

182 2336 241 2386 Geo
262 2351 285 2388 r.
303 2338 338 2387 N.
374 2377 380 2390 .
399 2338 445 2392 te.

145 2419 171 2479 4)
182 2350 286 2472 beugen
304 2353 471 2499 ualliroarue
492 2423 609 2472 Arabiae
627 2426 670 2474 est
683 2407 777 2504 ,bala
794 2431 841 2476 aut
851 2411 972 2509 ἦρα,
991 2431 1062 2490 quod
1073 2433 1122 2478 eut

180 2527 295 2583 nemer
310 2531 488 2595 pronunciant
506 2534 567 2591 (lbn
583 2535 649 2584 lietb
668 2535 731 2586 roo.
753 2537 822 2601 Lee,
845 2539 889 2600 qui
922 2539 1008 2588 editor
1028 2539 1123 2589 laudat

179 2622 291 2679 ,lexim
308 2624 382 2685 regis
398 2624 519 2680 Auiani)
538 2626 586 2672 aut
609 2620 744 2673 Mulciber
762 2627 823 2683 (lbn
846 2628 921 2675 Batb.
945 2640 987 2689 ap.
1011 2627 1121 2694 apem.)

185 2714 228 2764 vei
251 2710 378 2763 Monibir
409 2716 482 2772 (cod.
505 2715 596 2763 Abuli.
621 2714 668 2778 Α.)
697 2716 842 2776 Perperam
864 2716 934 2765 benc
957 2720 1123 2776 postremam

187 2802 357 2865 scriptionem
381 2804 586 2865 praeferendam
613 2815 674 2853 esse
696 2803 756 2853 volt
779 2803 879 2867 b'lrigel
899 2806 925 2853 in
949 2806 1042 2856 Erscb.
1065 2806 1125 2855 En-

187 2889 255 2949 eycl.
284 2904 308 2940 s.
332 2903 359 2941 v.
388 2890 466 2938 uino.
501 2890 617 2950 Saepius
633 2890 786 2938 Melabario
808 2892 882 2953 apuu
907 2891 1013 2941 Arabes
1043 2892 1124 2944 etiarn

186 2984 300 3067 &Mi
329 2983 391 3066 034
409 2999 571 3060 appellatur.

154 3095 178 3152 t]
193 3098 226 3147 ot
242 3094 431 3161 Kang'arkarb
449 3085 589 3178 ἱᾷᾗκλί
613 3097 661 3147 Ibn
683 3099 757 3152 Batb.
782 3099 846 3148 174.
868 3102 927 3151 Leo
947 3100 994 3150 nel
1016 3097 1129 3164 Kong'i-

187 3216 245 3269 kari
260 3205 335 3298 ὡ(
352 3205 468 3303 σέας
485 3215 522 3266 id.
533 3219 630 3280 Apetz.
650 3218 793 3267 11.Aliam
807 3218 890 3269 talem
906 3221 998 3270 urbem
1009 3233 1131 3271 comme-

98 3386 103 3403 .
193 3332 281 3376 morat
296 3326 388 3375 Abuif.
407 3341 431 3389 p.
449 3327 496 3376 41.

152 3415 178 3480 t)
192 3418 307 3480 copiose
326 3422 360 3469 ue
378 3420 410 3467 iis
428 3420 536 3482 tabulis,
560 3434 628 3483 quiae
639 3419 780 3469 maximam
794 3424 898 3481 partem
912 3420 1080 3484 interierunt,
1098 3422 1132 3471 ci.

191 3512 230 3561 La
246 3511 336 3561 Groze
352 3512 472 3561 ilistoire
489 3515 524 3561 du
542 3513 638 3564 Christ.
657 3515 704 3562 des
721 3515 800 3561 ludes
819 3527 844 3573 p.
869 3512 924 3576 45,
938 3512 993 3574 egit
1006 3513 1143 3576 't'ycbsen-

196 3601 385 3651 commentatt.
402 3614 459 3651 rec.
476 3602 551 3654 cett.
570 3603 626 3654 voi.
644 3603 682 3656 V.
698 3603 759 3652 bist.
776 3601 838 3663 pbil.
855 3615 882 3663 p.
902 3600 945 3651 12.

154 3686 179 3747 7)
197 3691 235 3740 Ira
252 3690 349 3741 Grone-
367 3691 423 3741 l.1.
440 3706 467 3752 p.
485 3692 532 3741 ts.

154 3774 180 3829 8)
194 3788 219 3836 ι).
246 3778 311 3828 too.
333 3792 373 3842 sq.
395 3779 462 3828 Lee.
535 3782 567 3836 9)
591 3780 679 3831 Abuli.
703 3782 761 3829 lod.
785 3794 810 3842 p.
832 3780 879 3830 to.
900 3781 946 3833 49.

968 3914 994 3985 4
