2474 4500
443 323 669 387 —219-

51 505 167 586 napelli
195 514 365 583 vocatum,
388 500 476 586 quod
499 507 569 568 sina
600 527 685 570 noxa
716 527 756 570 ea
782 484 934 571 vescitur.
978 509 1058 572 nea

52 633 111 695 ges
134 615 203 676 Indi
224 624 405 699 narrantur,
449 618 476 676 si
497 615 629 678 alicuius
648 617 736 678 vitae
764 616 964 698 insidientur,
986 637 1050 697 pu-

54 724 132 785 ellas
155 723 249 785 modo
271 732 363 785 natas
392 743 540 810 sumere,
584 744 718 807 eamque
746 727 876 789 herbam
904 746 961 807 per
989 727 1050 787 ali-

55 832 137 912 quod
160 842 284 913 tempus
306 835 438 914 primum
461 835 520 895 sub
543 852 650 896 carum
672 837 824 916 lecticas,
859 835 971 897 deinde
992 835 1050 896 sub

57 951 156 1004 strata
178 963 303 1025 earnm,
345 953 410 1005 tum
436 945 493 1005 sub
513 953 626 1005 vestes
646 954 799 1006 sternere.
842 947 987 1027 Denique
1013 945 1053 1005 iis

58 1051 212 1112 edendum
233 1051 309 1113 dant
329 1055 360 1112 in
382 1053 479 1132 lactc,
501 1050 698 1132 usquedum
721 1053 835 1136 puella,
857 1055 886 1114 si
901 1051 1052 1132 adolevit,

58 1162 217 1240 napellum
246 1159 362 1240 edere,
392 1179 496 1240 neque
524 1159 597 1221 indo
626 1161 773 1221 damnum
803 1162 910 1221 facere
939 1159 1053 1238 coepit.

58 1272 138 1332 Elam
159 1276 234 1330 tunc
255 1286 326 1329 cum
349 1267 440 1329 donis
461 1268 587 1329 mittunt
608 1266 648 1327 ad
669 1285 797 1348 regem,
841 1269 893 1328 cni
911 1247 1076 1327 ‘insidias'

59 1375 204 1454 tendunt3
231 1375 347 1435 etenim
377 1373 405 1433 si
434 1390 505 1433 cnm
539 1392 577 1434 ea
606 1392 672 1433 rem
706 1373 802 1434 habet
834 1373 975 1434 moritur.
1013 1403 1054 1414 -

58 1482 109 1542 Ex
131 1489 237 1540 terrac
257 1480 448 1541 mirabilibus
470 1481 564 1542 etiam
587 1490 637 1542 est
655 1471 748 1543 arbor
761 1478 884 1544 Kasids
895 1484 1056 1545 fructuum

59 1587 196 1647 dulcium
218 1585 327 1669 ferax,
370 1586 401 1645 in
424 1603 486 1665 qna
508 1587 671 1648 columbae
701 1588 868 1652 considunt
899 1592 1057 1670 cuiusque

59 1694 216 1756 fructibus
238 1700 431 1777 vescuntur,
465 1693 505 1753 ab
527 1692 598 1773 ipsa
618 1701 733 1756 tectae.
777 1694 954 1758 Columbae
975 1686 1108 1758 insi-77

60 1804 164 1864 diatur
186 1791 329 1882 serpens,
340 1800 599 1862 sedetiamsiiam
610 1803 641 1862 in
653 1802 772 1863 arboris
782 1823 886 1864 ramos
898 1803 1057 1887 ascendit,
1121 1882 1123 1887 ι

61 1910 208 1972 columba
228 1910 272 1970 ita
293 1909 477 1970 obumbrata
498 1918 549 1970 cst
578 1917 614 1969 nt
640 1929 774 1991 serpens
804 1930 874 1971 eam
900 1912 1059 1993 attingere

60 2027 209 2100 nequeat.
230 2052 272 2061 —
294 2019 340 2078 lbi
362 2013 460 2078 oves⁷
481 2025 575 2092 sunt,
598 2034 680 2097 qnae
705 2034 766 2077 sex
794 2016 911 2077 habent
939 2015 1059 2077 caudas

61 2133 210 2213 pingueS,
233 2147 362 2209 quarum
384 2147 448 2188 una
468 2127 499 2187 in
521 2127 592 2187 loco
615 2127 708 2187 solito
731 2135 793 2208 est,
815 2127 916 2186 altera
944 2125 976 2184 in
997 2143 1059 2203 pe-

62 2247 171 2318 ctore,
194 2237 288 2296 tertia
310 2245 342 2295 et
362 2243 473 2316 quarta
499 2235 530 2293 in
550 2234 703 2319 scapulis,
726 2232 834 2313 quinta
854 2242 886 2294 et
907 2240 1002 2292 sexta
1029 2232 1060 2291 in

63 2345 246 2408 femoribus.
295 2344 412 2403 Earum
462 2343 569 2404 ovium
614 2340 682 2402 vidi
723 2361 836 2425 unam,
900 2358 982 2421 quoe
1026 2340 1058 2400 in

62 2462 192 2515 nostras
212 2450 360 2532 regiones
385 2455 549 2528 asportata
569 2455 646 2508 erat.
667 2481 709 2490 —
730 2448 777 2509 lbi
792 2456 960 2528 serpentes
973 2455 1059 2531 sunt,

64 2562 117 2643 qni
139 2562 167 2621 si
188 2559 344 2619 hominem
366 2556 611 2640 momorderunt,
633 2564 778 2616 mortuns
800 2557 945 2618 concidit.
969 2558 1062 2617 'lunc

66 2690 137 2731 cum
163 2669 194 2729 in
222 2668 361 2729 tabulam
390 2666 541 2747 illigatum
563 2683 667 2747 aquae
689 2665 837 2748 tradunt,
881 2685 962 2746 quae
990 2685 1062 2727 enm

66 2778 176 2840 avehit
197 2778 227 2836 in
249 2776 366 2856 locum,
389 2774 441 2834 nbi
463 2772 679 2836 nosocomium
702 2781 761 2833 est.
790 2775 825 2833 ln
853 2774 922 2852 ripa
949 2773 1063 2854 aliquis

66 2904 193 2949 morsos
208 2892 367 2965 expectat,
390 2891 423 2943 ct
444 2879 561 2960 excipit
581 2879 683 2959 iisqne
703 2878 861 2959 medetur,
882 2880 926 2940 ita
940 2887 976 2939 ut
988 2885 1064 2959 post

66 2994 195 3077 aliquod
217 3002 341 3072 tempus
363 2991 467 3053 sanati
489 2989 529 3050 ad
558 2987 706 3049 familiam
734 2985 835 3046 redire
860 2986 995 3066 possint.
1022 3019 1064 3028 ——

136 3229 256 3291 Gnignes
276 3240 309 3275 ex
327 3220 426 3287 Baqiiio
443 3223 477 3271 N.
496 3236 520 3272 e.
538 3223 570 3272 Ε.
588 3223 623 3282 11,
641 3203 712 3284 240,
735 3219 782 3281 qui
798 3233 828 3268 cc
845 3233 880 3269 ae
897 3222 998 3272 trouve
1014 3233 1067 3286 que

136 3324 210 3373 dono
228 3325 259 3370 lc
276 3333 346 3369 mer.
379 3319 484 3366 Nomen
500 3314 595 3377 lapidis
613 3313 718 3368 omittit.
763 3366 766 3373 ,

87 3435 116 3498 6)
136 3431 213 3496 Quae
231 3434 327 3479 auctor
343 3428 369 3476 in
387 3403 446 3475 hist.
464 3428 519 3476 nat,
538 3426 570 3471 de
605 3420 684 3500 ,jaan
701 3421 790 3484 habet,
807 3420 846 3468 liis
863 3419 1004 3484 simillima,
1025 3420 1068 3469 le-

136 3540 237 3599 guntur
254 3536 323 3594 apud
341 3533 478 3595 Cliezynm
496 3532 523 3578 in
540 3532 633 3590 sacyii
650 3532 704 3579 chr.
723 3541 762 3576 ar.
780 3529 825 3591 111,
844 3512 906 3577 lvo·

89 3641 117 3704 7)
135 3643 175 3688 De
206 3640 299 3688 ovibus
330 3637 434 3701 Indicis,
463 3649 531 3700 qnae
559 3635 610 3698 iam
643 3634 750 3683 etesiae
779 3633 920 3683 moverant
950 3628 1067 3676 animum
1120 3680 1122 3689 ,

139 3737 226 3800 (lndd.
247 3737 287 3784 13.
306 3738 333 3782 et
351 3747 393 3794 pp.
417 3732 479 3780 303.
504 3732 566 3779 306.
589 3725 689 3793 Baehr)
716 3725 875 3776 simillimum
900 3736 935 3771 cx
958 3721 1066 3771 Daniiro

138 3829 226 3877 locum
243 3827 347 3887 profert
364 3826 510 3876 Bochartus
526 3824 636 3880 Hieron.
653 3825 676 3887 Ι,
693 3820 758 3876 495.
