2474 4500
569 297 778 358 ...52-

180 497 341 571 poterunt,
364 503 500 570 quorum
521 479 749 544 Koulomensis
771 497 852 540 enno
873 475 938 538 825
950 476 1026 540 Chr.
1048 476 1193 561 ἱιιοίρίι,1

180 595 409 657 Kelikuteosis'
423 589 597 654 seeundum
620 580 844 667 Semigorum²
863 604 946 646 enno
966 583 1041 666 907,
1055 584 1185 647 sedeo-

181 700 317 763 eundom
330 698 524 759 Viseherum
532 690 556 777 ³,
567 693 617 755 eui
629 695 728 753 multo
742 691 847 771 magis
860 690 942 752 fides
956 691 1104 753 habendo
1119 700 1179 774 eet,

182 807 296 870 eodem
320 822 401 866 anno
421 796 506 865 825⁴.
527 802 700 862 Kalikutae
713 795 942 861 Ianatlrirtho
962 817 1077 880 regem
1097 816 1180 881 gen·
1200 866 1205 875 ,

181 914 269 977 tilem
288 903 440 973 invenit⁵
481 905 569 970 Idem
590 906 677 986 regis
699 906 730 965 in
752 906 830 965 urbo
849 898 981 1003 (μμ
1004 905 1046 967 ad
1072 906 1180 987 religi.

182 1030 277 1074 onem
297 1007 535 1073 Muhammedis
557 1006 707 1067 conversi
734 1006 915 1084 exemplum
938 1005 1056 1085 offert,
1091 1007 1181 1069 euim
1207 1052 1226 1079 .,

181 1134 283 1197 nepos
306 1125 392 1198 tuno,
416 1133 513 1195 quum
535 1131 573 1173 eo
594 1112 766 1193 veniebat,
799 1129 938 1193 regnans
958 1111 1100 1174 lodicum
1123 1112 1182 1175 do-

182 1225 315 1286 ctrinam
335 1239 446 1283 rursus
475 1222 641 1300 amplexus
662 1216 763 1278 orat!
790 1218 859 1282 Sed
879 1219 962 1280 haee
988 1218 1031 1280 ml
1057 1228 1183 1301 tempus

180 1331 359 1412 pertinent,
393 1347 455 1409 quo
478 1347 534 1408 por
556 1344 658 1407 regna
677 1326 938 1389 Muhammediee
963 1326 1108 1389 inludia
1128 1346 1185 1391 tte·

180 1435 383 1517 ptentrionali
396 1433 729 1495 conditalsltmismus
750 1433 814 1494 iam
834 1452 986 1516 magnam
1002 1436 1186 1499 ouotorite-

181 1549 249 1605 tem
270 1550 386 1603 noetus
409 1549 487 1602 eret.

265 1649 400 1712 Praeter
427 1650 637 1712 Meleberiam
668 1661 879 1713 mercatorum
909 1652 1053 1714 Arabum
1090 1652 1188 1717 sedeo

182 1757 333 1839 imprimis
355 1764 424 1818 erat
451 1758 482 1817 in
505 1757 695 1837 Taprobane
714 1759 830 1842 insula,
853 1776 946 1837 quom
967 1759 1023 1818 vel
1044 1768 1189 1857 &td-3?

152 1882 157 1888 ·
182 1859 355 1940 nominent,
377 1857 443 1940 vel,
467 1857 549 1938 quod
570 1877 686 1918 nomen
697 1859 856 1939 posterius
880 1868 942 1940 est,
966 1860 1087 1957 &³⁹⁸3
1108 1860 1191 1921 inter

90 1993 92 1997 ·
183 1965 354 2038 utrumque
382 1957 465 2017 mole
491 1955 646 2019 interdum
672 1957 735 2017 hoo
761 1967 883 2039 ponunt
905 1959 1101 2041 discrimen,
1154 1967 1189 2022 ut

182 2064 248 2127 hoe
269 2066 394 2146 proprie
411 2065 452 2127 ed
473 2067 609 2129 insulam
624 2067 781 2146 pertinere
803 2067 920 2149 dicant,
942 2066 1016 2127 illud
1029 2066 1072 2127 ad
1093 2085 1191 2129 mon-

185 2180 249 2233 tem
266 2164 414 2233 Rahirn.⁸
429 2173 614 2234 Secundum
639 2174 805 2234 Iohnstoni
824 2173 1083 2253 percontationes
1105 2171 1192 2255 opud

186 2276 312 2337 Arabes
332 2276 505 2356 primorum
527 2280 711 2340 colonorum
732 2287 879 2359 posteros
901 2280 1079 2364 institutos,
1100 2278 1194 2361 primi

186 2380 271 2442 lieno
303 2380 438 2445 insulam
472 2383 631 2463 petierunt
658 2383 888 2468 Haishimidae,
920 2386 973 2466 qni
1000 2404 1021 2447 a
1048 2384 1193 2449 kholifee

206 2653 235 2709 1)
252 2652 328 2701 Paul.
346 2666 363 2702 a
381 2654 421 2702 st.
439 2653 557 2701 Barthol.
575 2652 657 2703 Reise
673 2658 726 2703 oet.
744 2668 769 2717 p.
789 2654 851 2704 117.
869 2668 939 2705 vers.
962 2656 1053 2707 Germ.
1077 2654 1195 2709 Dorieon

252 2743 307 2795 1.1.
326 2759 351 2807 p.
369 2747 412 2796 19.

203 2832 235 2891 2)
252 2835 293 2885 De
310 2837 415 2883 emend.
433 2839 516 2898 temp.
531 2850 556 2896 p.
574 2836 639 2900 525,
655 2848 689 2884 ex
703 2836 842 2885 liudovico
852 2835 1025 2900 cadomosto,
1039 2837 1196 2888 utvidetur.

204 2945 284 3001 ³)1n
301 2944 451 2993 Malaboria
475 2946 547 3005 opud
572 2946 690 2993 Batavos
721 2946 754 2992 de
783 2944 863 2993 robus
893 2945 988 2993 divinis
1012 2950 1108 2995 orator
1135 2924 1195 2997 mit.

253 3032 318 3081 Bibl.
335 3035 422 3081 Brem.
440 3032 527 3083 class.
546 3032 581 3082 V.
599 3035 666 3082 fase.
685 3034 734 3082 1v.
752 3047 778 3094 p.
796 3034 860 3082 763.
877 3034 950 3083 laud.
973 3037 1046 3095 epod
1062 3034 1192 3085 Cronium

256 3137 282 3183 p.
300 3121 346 3170 44.

204 3212 237 3271 4)
255 3213 371 3262 Gouvea
399 3212 427 3261 io
447 3213 571 3262 Jornodo
600 3215 634 3262 do
657 3215 805 3280 Arcebispo
830 3217 863 3264 do
887 3216 949 3264 Gon
969 3214 1086 3265 Goimbr.
1109 3216 1196 3295 ¹⁰⁰⁶

254 3307 327 3366 apud
344 3303 468 3353 Crozium
484 3304 503 3353 1.
520 3304 539 3352 l.
557 3318 581 3365 p.
599 3303 643 3355 47.
662 3308 790 3366 epocham
815 3307 1025 3355 Kaulameosem
1043 3318 1061 3355 a
1078 3306 1197 3357 Kollko·

255 3395 325 3445 tensi
343 3396 436 3444 differe
452 3396 490 3444 ait
506 3400 534 3445 et
551 3397 629 3445 annis
648 3397 704 3444 680
719 3397 837 3459 priorem
856 3410 917 3445 esse
935 3410 1007 3446 anno
1026 3396 1090 3450 Cirr.
1110 3398 1195 3462 1⁸02,

257 3487 327 3535 uode
349 3498 436 3534 annus
454 3486 529 3533 orbis
554 3486 678 3534 conditae
702 3486 816 3535 efficitur
839 3486 901 3538 chr.
925 3487 995 3551 922,
1028 3488 1112 3549 paulo
1135 3492 1199 3551 post

168 3590 203 3645 „s
255 3590 332 3640 quem
350 3574 449 3626 ornum
467 3588 500 3626 eo
519 3579 642 3626 venerint
659 3581 720 3626 Mar
738 3579 857 3641 sapores
876 3583 903 3628 et
919 3582 982 3629 Mar
997 3581 1117 3633 Perozes
1130 3582 1200 3643 syri

168 3642 174 3655 ¹
256 3670 291 3720 ef.
309 3672 414 3720 Assem.
433 3669 498 3721 llihl.
517 3669 562 3721 Or.
581 3672 630 3735 111,
653 3670 680 3718 2.
703 3669 767 3718 442.
802 3673 858 3721 Sed
882 3685 962 3734 quum
985 3672 1055 3722 idem
1079 3675 1200 3735 scriptor·

257 3759 328 3819 apud
345 3756 471 3807 Crozium
488 3770 513 3818 p.
531 3758 595 3810 30³.
613 3770 686 3807 anno
704 3756 766 3809 Chr.
784 3759 849 3807 870.
883 3760 1034 3810 Koulamoe
1051 3762 1198 3812 eeclesiam
