2474 4500
522 286 730 353 2-OE-

134 469 200 537 dere.
239 471 320 537 Siue
349 470 445 535 dubio
479 478 556 533 tuae
587 471 680 552 plura
711 470 776 533 iam
809 463 981 532 exstabant
1009 485 1110 548 opem

132 578 320 661 suppositioia
339 580 410 641 eius
430 579 572 661 generis,
593 576 678 639 undo
702 597 765 640 noa
792 577 906 641 mirum
933 577 1035 659 foret,
1077 576 1109 639 si

110 678 185 767 ll!
202 706 246 749 ex
267 686 306 747 iis
335 687 432 747 etiam
463 684 505 747 ad
541 694 683 747 nostrum
711 693 838 766 tempus
875 685 1107 765 pervenissent.

65 842 69 887 ,Ι
127 768 206 851 liioo
225 783 298 851 seio
319 806 360 848 an
377 787 442 849 hue
461 786 650 859 relereodus
676 789 720 849 sit
747 788 825 849 liber
858 790 887 849 in
917 787 1108 849 bibliotheca

65 890 68 981 J
127 892 254 957 baidaua
273 902 475 976 asservatus,
498 893 591 955 euius
617 893 757 974 aliquam
783 894 929 957 notitiam
954 893 1109 956 debemus
1210 901 1214 912 “

126 994 348 1063 llohnanuo.³
367 1000 465 1070 Liber
489 1021 531 1063 ex
550 1002 653 1062 veteri
664 1002 836 1065 Persarum
856 1001 1110 1083 liuguaiuAra·

124 1106 212 1169 bieam
233 1115 377 1188 tempore
396 1103 560 1168 Mamriuis
586 1105 761 1167 translatus
788 1105 900 1168 dieitur
926 1125 968 1167 ex
997 1106 1110 1170 codiee

122 1212 314 1275 venerandae
330 1213 539 1294 antiquitatis,
556 1214 609 1293 qui
620 1210 733 1273 indicio
750 1210 916 1273 cuiusdam
930 1211 1109 1292 philosophi

119 1318 186 1378 lodi
202 1337 247 1380 ex
267 1317 376 1399 adytis
397 1317 553 1383 destructi
573 1318 683 1399 palatii
697 1316 907 1396 Ctesiphonte
927 1336 948 1378 a
963 1314 1109 1379 chosroe

65 1408 67 1417 ¹
118 1424 269 1489 aedificati
296 1434 372 1488 tune
397 1427 551 1506 temporis
579 1435 672 1487 esset
698 1434 817 1487 erutus.
859 1422 1010 1486 Continet
1036 1425 1111 1486 Au·

115 1530 268 1614 shahangi
300 1532 439 1640 cambd,
472 1552 566 1615 quem
587 1533 954 1595 PersaramHermetem
970 1533 1111 1595 nominat

115 1651 354 1739 ffliobmaunus,
383 1654 424 1716 ad
448 1654 548 1717 filiam
583 1654 822 1717 exhortationes
852 1657 998 1719 morales.
1042 1653 1112 1719 Sed

115 1779 151 1823 ex
164 1752 262 1844 loeis,
285 1779 366 1842 quos
387 1761 461 1822 inde
481 1770 655 1843 excerptos
677 1762 825 1845 exhibet,
854 1762 949 1824 facile
978 1771 1113 1842 apparet

113 1884 183 1929 esse
205 1886 289 1949 opus
308 1868 543 1950 Muslimioum,
581 1869 760 1930 absolutam
791 1868 1112 1949 praedestinationem

113 1974 250 2039 darinam
271 1975 411 2059 doeens,
441 1986 477 2041 ut
495 1977 529 2039 hi
548 1977 611 2038 looi
630 1977 795 2043 breviores
816 1971 1113 2039 demonstrabunt:l

79 2088 82 2093 '
112 2084 287 2161 Rdipionie
307 2087 477 2164 fastipium
498 2090 637 2164 quatuor
652 2089 933 2146 constituemus:
951 2089 1112 2163 patienter

173 2366 265 2418 lloatio
283 2366 391 2416 omuino
408 2379 463 2416 non
480 2370 546 2429 apta
561 2370 613 2418 est.
647 2365 823 2431 Quantopere
839 2368 946 2420 Arabes
967 2367 993 2419 ia
1017 2367 1114 2417 talibus

174 2454 326 2507 nominibus
343 2458 378 2506 ad
400 2457 540 2507 arbitrium
562 2458 664 2507 versati
681 2459 748 2523 sint,
775 2461 854 2509 docet
877 2460 992 2514 alterum
1014 2470 1114 2507 nomen

182 2542 314 2627 obm,
330 2565 400 2624 quod
418 2566 514 2625 postea
530 2567 566 2614 ad
582 2565 653 2614 illius
671 2564 826 2626 analogiam
843 2566 961 2614 effictum
984 2568 1043 2630 est,
1072 2564 1115 2614 in-

175 2672 239 2729 epto
256 2668 360 2718 scilieet
376 2673 487 2732 conatu,
506 2674 545 2733 ut,
562 2669 630 2718 sieut
647 2670 756 2718 Sindiae
773 2669 899 2728 opposita
916 2671 957 2717 est
973 2668 1058 2729 India,
1076 2667 1115 2718 ita

81 2760 85 2771 ¹
175 2758 454 2824 etiamis,1quoeum
477 2755 646 2809 siudabddus
669 2759 743 2822 agit,
769 2757 878 2807 nomine
905 2752 1053 2806 undante!
1076 2757 1115 2807 si-

175 2843 321 2911 gustaturi

119 2955 155 3022 2)
174 2959 208 3006 In
224 2956 294 3007 libro
312 2939 419 3008 madi
443 2941 534 3024 aptat
550 2957 585 3008 el.
604 2956 679 3016 sacy
697 2954 759 3006 Chr.
776 2967 816 3005 ar.
833 2955 882 3018 111,
900 2952 965 3002 498.

120 3092 156 3148 3)
174 3090 207 3138 la
225 3090 371 3152 appendice
389 3091 422 3138 ad
439 3091 459 3138 1.
483 3087 651 3138 Beverovioii
671 3087 777 3136 librum:
802 3086 969 3150 Epistotiea
987 3082 1114 3151 quaestio

174 3179 212 3228 de
228 3179 306 3228 vitae
319 3179 441 3228 termino
457 3178 550 3244 fatali
567 3193 606 3227 aa
618 3178 726 3228 mobili.
747 3177 816 3228 Cum
831 3181 941 3228 doctor.
959 3175 1116 3240 responsis·

178 3267 260 3318 Pars
277 3258 366 3319 tertio
376 3272 428 3318 ete.
446 3271 477 3319 h.
488 3271 515 3318 B.
528 3270 617 3329 16³9,
627 3267 654 3316 iu
667 3281 718 3331 quo
730 3267 920 3317 Elichmannus
933 3266 1116 3331 qrraestionem

177 3371 251 3422 eam,
268 3360 295 3407 iu
314 3359 469 3420 dogmaticis
487 3360 557 3408 illius
575 3359 702 3420 temporis
720 3359 810 3408 litibus
828 3359 955 3421 agitatam
967 3358 1113 3407 secundum

179 3449 302 3497 Arabum
319 3451 436 3497 mentem
453 3446 573 3510 exponit,
590 3446 656 3496 miro
674 3448 766 3509 modo,
784 3447 845 3494 dum
863 3445 918 3494 tale
929 3448 1116 3507 argumentum

177 3537 319 3602 tractavit,
336 3537 408 3585 inter
423 3536 591 3585 scribendum
606 3535 841 3597 repentinamorte
854 3533 1029 3597 interruptus,
1046 3532 1118 3581 uude

183 3628 338 3678 dissertatio
356 3640 411 3677 non
427 3627 502 3677 linita
519 3629 571 3680 est.
756 3618 760 3627 '

121 3762 157 3830 a)
179 3775 205 3824 p.
225 3759 287 3814 aaa.
306 3743 415 3848 Lepi,
441 3727 559 3827 „Qb
577 3737 673 3838 ,pa-lt
699 3737 786 3818 dib
814 3738 882 3844 &t
907 3734 1016 3838 obsi!
1041 3740 1135 3839 ‘rep
