2474 4500
557 323 599 334 Ν
642 307 703 349 vlu
745 319 785 330 *-

168 474 309 545 adhiberi
337 475 439 554 potuit
464 468 581 551 Baqriii
617 469 744 529 lexicon
766 468 1057 552 geographicum‚-
1078 471 1173 549 qualo

170 602 190 643 a
211 583 262 649 lle
284 568 431 664 Gui'gnes
459 582 490 642 in
518 581 596 652 Not.
622 579 774 650 etExtr.
802 576 868 636 vol.
905 577 953 637 lV
983 584 1173 657 excerptum

170 701 231 753 est.
273 694 309 754 lu
330 693 368 757 iis
392 691 474 751 enim
503 690 617 749 saltem
642 686 723 747 locis
734 729 745 767 ,
774 702 854 764 quos
887 680 990 764 edidi,
1026 679 1173 762 Baqirius

172 797 369 874 Qazvinium
392 795 433 856 ad
449 794 575 875 ¹literam
597 791 814 870 exscripsisse
834 789 971 850 videtur.
1035 794 1039 802 '

257 951 395 1012 'l'extum
417 949 458 1010 ad
479 947 628 1010 codicum
650 946 744 1010 tidem
767 953 921 1027 quantum
944 944 1031 1026 potui
1060 959 1175 1006 emen·

172 1058 264 1138 davi3
285 1064 508 1118 remanserunt
528 1055 665 1116 nonnulli
687 1054 749 1114 loci
771 1072 896 1129 manum
927 1037 1176 1114 emendatricem

172 1166 383 1245 postulantes.
425 1162 461 1224 ld
484 1172 589 1224 tamen
612 1181 675 1222 non
695 1162 782 1222 valet
806 1159 846 1219 de
874 1158 1059 1241 quibusdam
1081 1159 1176 1244 locis,

172 1272 225 1333 rrbi
247 1264 424 1352 scriptores
447 1271 519 1351 ipsi,
555 1279 590 1331 ut
618 1269 648 1328 in
678 1267 833 1329 eiusmodi
861 1268 946 1328 libris
976 1267 1044 1329 fieri
1075 1270 1174 1350 solet,

171 1378 211 1440 ab
234 1378 391 1458 elegantis
412 1374 568 1436 sermonis
591 1375 710 1456 regulis
732 1375 836 1454 paullo
858 1371 985 1434 liberius
1007 1374 1172 1436 recedunt.

172 1486 208 1544 ln
231 1474 549 1554 annotationibus.ad
571 1483 750 1543 versionem
775 1480 890 1544 additis
906 1502 945 1543 ea
959 1490 1080 1544 tantum
1095 1500 1177 1562 spe-

173 1597 262 1649 ctare
285 1587 382 1668 volui,
405 1606 488 1667 qnae
517 1581 572 1648 aut
601 1587 642 1647 ad
670 1588 859 1668 scriptorem
888 1588 1073 1650 necessaria
1101 1608 1177 1651 esse

173 1703 228 1756 aut
249 1713 320 1756 cum
341 1696 392 1774 iis,
416 1713 498 1774 quae
519 1704 646 1773 praesto
670 1700 772 1774 erant,
796 1693 993 1755 adminiculis
1008 1695 1069 1756 iam
1080 1697 1174 1776 plene

173 1801 289 1880 exponi
311 1819 408 1880 posse
430 1799 625 1879 viderentur,
648 1799 719 1859 aliis
742 1799 772 1859 in
780 1808 942 1879 posterum
962 1811 1091 1881 tempus
1102 1803 1177 1866 mibi

174 1906 214 1969 ad
235 1907 453 1970 illustrandum
474 1907 659 1968 reservatis.

254 2040 339 2118 Ipsis
361 2039 550 2117 scriptorum
568 2036 648 2097 locis
663 2035 894 2114 praemittenda
904 2035 1072 2097 videbatur
1084 2054 1177 2098 com-

174 2145 337 2224 mentatio,
359 2144 391 2203 in
413 2162 476 2222 qua
498 2142 539 2203 ad
561 2161 618 2201 eos
642 2142 753 2203 melius
772 2141 1081 2207 diiudicandosratio
1098 2143 1176 2206 red-

177 2252 303 2314 deretur
338 2245 378 2310 de
410 2249 510 2334 vario,
544 2265 606 2330 quo
628 2247 759 2309 Arabes
790 2248 831 2309 ad
859 2267 963 2310 rernm
993 2248 1176 2312 Indicarum

175 2358 389 2441 cognitionem
414 2354 627 2436 pervenerint,
659 2352 761 2415 modo.
784 2355 836 2417 Ex
861 2373 900 2416 ea
919 2355 1014 2416 simul
1036 2357 1175 2437 perspici

176 2472 296 2546 potest,
319 2464 393 2544 quid
415 2465 483 2524 lore
503 2463 669 2542 hucusque
688 2461 728 2522 de
755 2460 845 2523 India
870 2463 910 2524 ab
933 2451 1180 2544 Arabibusper-

177 2574 240 2653 cipi
260 2574 415 2654 potuerit,
445 2570 574 2651 etquid
597 2572 660 2632 loci
687 2591 707 2632 a
739 2591 791 2632 me
823 2571 898 2632 editi
929 2591 966 2632 eo
999 2571 1178 2634 conserant.

176 2681 228 2742 De
248 2678 402 2741 industria
422 2678 610 2759 posthabitis
632 2681 841 2740 recentiorum
862 2678 903 2740 da
925 2698 965 2742 ea
994 2698 1030 2740 ra
1051 2681 1180 2760 opinio-

176 2791 278 2873 nibus,
302 2807 383 2870 quas
406 2790 533 2870 longius
562 2802 733 2850 recensere
754 2797 786 2848 et
806 2806 907 2866 saepe
926 2770 1084 2849 refellere
1097 2808 1181 2868 ope-

178 2915 233 2957 rae
252 2897 386 2976 pretium
408 2915 471 2956 non
497 2895 684 2974 videbatur,
721 2894 805 2954 hanc
839 2895 931 2955 unice
966 2892 1180 2958 calentibus

177 2997 265 3083 ipsis,
288 3002 406 3060 velex
428 3000 467 3060 iis
486 3000 583 3074 libris,
608 3001 658 3080 qui
679 3001 770 3082 nobis
791 3002 925 3064 fontium
953 3002 1024 3063 loco
1053 3001 1180 3064 haben-

179 3103 209 3163 di
231 3113 304 3166 sunt
316 3147 328 3188 7
372 3105 576 3165 conscribere
598 3106 716 3168 studui.
758 3107 941 3171 Rostrictus
963 3122 1051 3172 eram
1080 3110 1118 3171 iis
1140 3110 1181 3171 li·

181 3209 259 3291 bris,
281 3208 321 3270 ad
342 3228 422 3289 quos
446 3210 521 3270 mibi
543 3210 594 3271 hic
615 3212 677 3271 loci
699 3211 803 3273 aditus
824 3214 971 3294 patebat3
1003 3215 1075 3276 aliis
1094 3213 1180 3278 haud

177 3315 303 3398 paucis,
327 3335 410 3396 quos
434 3316 474 3377 ad
502 3334 569 3376 rem
597 3336 701 3379 meam
730 3318 839 3379 facere
866 3319 952 3383 haud
980 3322 1179 3404 ignorabam,

179 3423 279 3504 carui,
301 3433 397 3504 atque
419 3442 476 3485 eos
500 3425 625 3487 silentio
648 3424 784 3487 transire
805 3425 913 3506 malui,
937 3444 1030 3505 quam
1054 3445 1097 3488 ex
1118 3426 1180 3490 ali-

179 3530 248 3590 onis
281 3529 322 3592 de
349 3531 389 3592 iis
429 3532 556 3593 referre.
598 3535 635 3593 ln
676 3533 726 3594 bis
772 3533 855 3594 enim
896 3533 993 3595 rebus
1047 3534 1180 3613 potissi-

178 3654 262 3698 mum
282 3639 494 3719 spectandum
524 3649 589 3722 est⁷
621 3649 657 3704 ut
690 3641 814 3705 nonnisi
843 3651 933 3706 certa
962 3642 1129 3707 tradantur
1149 3652 1179 3708 et

180 3752 268 3805 certo
290 3744 385 3806 ruodo
405 3765 486 3807 vera
505 3765 527 3806 a
547 3746 640 3806 falsis
663 3744 890 3809 discernantur.
