2474 4500
492 258 793 373 -rorssn

107 492 197 574 quod
219 503 257 557 ut
276 494 306 557 oi
328 492 358 555 iu
376 498 517 555 montem
537 501 721 573 revomet,
729 489 917 555 harodixitt
940 485 1111 568 „Nooou-

107 600 278 683 oupisous,
300 618 371 682 rex,
392 609 427 663 ut
448 599 530 661 haee
550 601 621 682 rogi
640 600 703 681 ipsi
721 600 914 680 nuntientur,
935 615 1031 679 quum
1050 612 1113 659 no-

109 725 176 790 que
196 707 326 788 antiquo
348 726 450 788 nequo
470 708 590 769 reoonti
616 715 760 788 temporo
779 724 918 788 unquam
944 722 1005 767 uos
1031 704 1113 765 intur

110 824 145 879 ut
165 815 238 877 illos
262 814 366 877 odium
388 815 571 893 obtinuerit,
592 833 696 894 nequo
722 813 839 877 malurn
866 809 982 892 aliquid
1009 809 1050 871 ab
1074 807 1114 870 iis

111 909 240 1002 experti
260 921 379 1001 simus3
406 923 467 1002 ipsi
487 929 594 984 autern
627 923 658 981 in
684 921 797 983 insulis
827 918 991 1002 degunta
1024 914 1116 978 nobis

109 1028 224 1109 prooul
245 1029 377 1091 remotis
404 1048 509 1110 nequo
544 1046 603 1091 uos
635 1029 667 1090 iu
697 1037 781 1090 terra
812 1034 923 1089 nostra
954 1026 1116 1087 laeserunt

109 1144 219 1214 noque
239 1144 381 1199 nostrum
403 1135 594 1198 affectarunt
619 1129 823 1217 imperium.“
865 1135 953 1194 luter
980 1150 1115 1215 regnum
1198 1192 1209 1199 ,

112 1234 199 1305 einim
226 1229 387 1323 Mahrig'i
400 1220 404 1227 ⁴
416 1251 449 1304 ot
475 1241 676 1305 liumirerrse
696 1240 842 1319 spatium
857 1245 910 1300 est
930 1237 1116 1318 nauigatio·

109 1347 163 1411 tris
184 1347 312 1409 circitor
334 1348 444 1410 deoem
466 1351 520 1410 vel
547 1348 660 1430 viginti
689 1347 821 1410 dierum.
861 1345 1013 1429 Addidit,
1052 1362 1115 1406 non

110 1455 238 1519 dooere·
251 1475 382 1538 regem,
416 1466 451 1519 ut
470 1457 586 1521 talibus
619 1458 766 1536 insistut3
806 1456 891 1519 unde
911 1475 953 1518 uo
974 1472 1115 1537 unquam
1191 1452 1195 1457 ’

110 1563 229 1626 similia
259 1563 409 1643 proferat
451 1564 526 1626 ltex
560 1575 668 1626 autem
695 1564 840 1626 monitori
866 1562 1052 1625 suooensuit
1081 1567 1116 1622 ot

109 1668 249 1737 wadum
277 1689 355 1767 erga
376 1669 476 1733 duoes
504 1680 537 1733 et
567 1672 739 1734 familiares
758 1670 895 1732 instituit
923 1685 1114 1761 sonnonem,

110 1773 197 1837 undo
222 1775 343 1839 lautum
365 1786 431 1859 ost,
452 1786 488 1839 ut
514 1795 592 1839 mox
613 1777 798 1858 divulgatus
825 1778 919 1839 etiam
945 1777 985 1838 ad
1013 1777 1115 1839 Mult-

104 1869 237 1975 'rig'um
258 1883 467 1965 perferretur,
496 1885 600 1946 virum
620 1883 808 1965 prudentem
835 1893 867 1945 ot
901 1891 1115 1965 oonstanteru,

112 1989 167 2069 qui
189 1988 315 2051 mediae
345 1992 461 2057 aetatis
493 1993 660 2054 terminum
689 1993 849 2074 attigerat.
871 1994 950 2055 Elius
972 1990 1115 2071 venitus,

111 2096 163 2159 oui
194 2096 354 2159 aooorsito
388 2098 470 2159 haeo
495 2107 693 2180 narraverat,
728 2100 791 2160 hoo
814 2099 902 2160 dedit
930 2094 1113 2161 consilium:

112 2212 189 2282 post
219 2204 380 2285 cognitam
410 2205 516 2266 stolidi
544 2206 628 2267 illius
656 2214 793 2268 mentem
821 2215 855 2269 et
888 2207 1025 2288 pueriles
1055 2205 1116 2267 de-

112 2319 304 2392 mentesque
349 2315 508 2392 appetitus
559 2324 592 2377 et
629 2314 886 2397 divulgationem
930 2316 1113 2399 vorborum,

114 2434 197 2499 quae
212 2396 337 2499 feeerit,
355 2440 417 2480 non
432 2439 514 2501 opus
528 2439 622 2510 esso,
640 2431 676 2484 ut
690 2423 719 2482 oi
730 2429 934 2502 paroerotur3
950 2420 1162 2492 tuliaenimm

114 2527 185 2606 rogi
209 2543 285 2586 esse
306 2526 499 2607 ignominiae
519 2536 562 2608 et,
584 2529 645 2589 nisi
667 2529 886 2611 illumpuniat,
909 2529 977 2590 eius
998 2535 1115 2590 auoto-

113 2633 241 2694 ritatem
263 2631 454 2695 deminutum
471 2635 535 2713 iri,
558 2634 756 2697 adornandos
783 2636 881 2716 igitur
910 2653 984 2696 osso
1012 2649 1115 2694 noves

116 2739 201 2801 mille
223 2740 417 2802 lectissimas
440 2749 473 2802 et
501 2741 639 2803 virorum
666 2760 887 2821 armorumque
912 2740 1115 2802 instruendus

115 2847 228 2928 eopia,
268 2855 546 2930 quantamcunque
575 2857 733 2928 caperent
773 2847 845 2925 Quo
865 2848 952 2908 faoto
980 2847 1117 2908 simula-

116 2953 165 3014 vit
187 2972 226 3014 se
248 2954 280 3013 iu
301 2955 529 3033 perlustrandis
552 2955 642 3037 regni
662 2955 712 3015 sui
731 2954 843 3017 insulis
864 2953 1014 3016 oblectari
1033 2953 1117 3015 velle

116 3073 279 3127 eteorum
302 3067 441 3147 regibus,
465 3066 569 3147 quiin
596 3081 657 3126 sua
687 3062 806 3124 ditione
835 3068 942 3144 erant,
977 3061 1116 3142 soripsit,

113 3173 173 3235 sibi
198 3174 398 3252 propositum
421 3190 496 3234 esse
520 3189 578 3232 eos
600 3170 732 3232 visitare
754 3187 927 3250 eorumque
940 3166 1122 3249 provinoius

130 3389 370 3403 m-

180 3541 255 3589 bruun
274 3534 300 3587 iu
319 3537 433 3600 siugulis
450 3538 491 3588 llio
508 3540 633 3588 oouierre
650 3550 704 3587 uon
722 3535 804 3598 potui.
837 3534 921 3584 Deest
943 3536 1055 3596 uterque
1071 3532 1116 3583 lo·

180 3643 228 3680 cus
246 3631 272 3678 in
289 3633 349 3680 cod.
369 3632 407 3693 ll,
425 3631 551 3691 nequest
570 3629 627 3692 quis
645 3641 693 3677 eos
711 3633 808 3688 postea
825 3626 932 3701 demum·
945 3622 1013 3674 libro
1020 3618 1117 3674 liesd-

186 3722 219 3770 dii
237 3722 342 3769 additos
360 3731 422 3768 osse
439 3721 592 3781 contendet,
611 3728 654 3766 me
670 3717 774 3768 lababit
791 3712 1002 3767 dissentientem.

134 3814 164 3876 2)
183 3813 302 3861 Niebuhr
319 3811 425 3858 Besolir.
443 3821 498 3859 von
515 3809 632 3860 Arabien
650 3823 675 3871 n.
696 3807 758 3858 149.
