2474 4500
114 482 183 543 tius
204 482 236 543 iu
266 481 435 545 editionem
463 484 516 564 mj.
552 483 693 545 noetium
723 486 842 564 reeepit
853 528 864 567 ,
900 487 1122 548 annotationes

116 592 302 675 argumenti
320 592 530 674 geographici
551 593 620 654 fere
641 611 752 654 omnes
770 592 896 676 desunt,
926 593 1009 656 uude
1029 593 1123 655 oolli-

115 696 272 782 geudum,
294 718 352 761 eas
374 701 414 761 ab
435 708 569 762 anotore
590 699 674 761 illius
691 700 887 760 recensionis
902 699 1122 781 antexipsius

114 805 230 886 peritia
249 805 468 889 geographiae
489 813 547 866 aut
568 804 779 884 exoperibus
799 804 1030 886 geographicis
1058 802 1121 866 ad-

113 913 243 975 innotos
264 930 358 991 osse3
386 931 502 975 revera
529 910 685 973 interdum
711 928 783 972 eum
811 911 1027 995 geographis,
1072 912 1123 993 qui

115 1024 257 1079 aetatem
291 1019 449 1101 tulerunt,
485 1016 526 1080 ad
562 1017 686 1079 literam
724 1017 925 1078 conveniunt
970 1016 1123 1080 Ceterum

116 1123 213 1193 etiam
233 1125 282 1185 Μ.
303 1123 424 1185 Paulus
443 1123 475 1185 in
496 1123 560 1184 hoo
586 1128 693 1183 tractu
722 1120 905 1185 Comariam
923 1123 1123 1203 proviuoiam

116 1226 236 1295 novit³.
667 1304 671 1309 ,

198 1340 294 1401 Haeo
313 1340 389 1401 mihi
405 1348 493 1402 eerta
506 1338 655 1402 videntur
674 1326 750 1401 esse
768 1338 986 1422 fundamenta,
1007 1337 1121 1422 quibus

116 1447 370 1528 superstruenda
398 1455 451 1508 est
481 1448 582 1510 omnis
607 1446 787 1530 disquisitio
819 1446 860 1508 de
886 1467 967 1511 vera
994 1446 1122 1532 signifi-

115 1554 1123 1639 nationeuomiuum7quaeabArabibusterrisetinsulisooeaui

113 1664 218 1727 ludioi
238 1665 459 1728 attribuuntur.
502 1667 584 1727 Elam
605 1684 688 1727 nune
708 1686 773 1728 uon
793 1676 912 1750 tango,
948 1676 1061 1749 utpote
1081 1669 1121 1729 ab

112 1779 305 1851 argumento
326 1790 397 1832 meo
420 1773 553 1834 alienam
580 1791 684 1853 neque
712 1772 776 1833 iam
804 1781 934 1853 propter
967 1773 1120 1834 materiae
1220 1818 1224 1825 .

114 1873 292 1935 exilitatem
313 1892 387 1937 eum
407 1894 467 1955 spo
489 1893 665 1937 suoeessus
691 1876 922 1939 instituendam.
964 1878 1041 1939 Non
1068 1886 1123 1939 ta-

114 1998 188 2041 men
208 1979 263 2041 hie
281 1979 549 2061 praetereundum
575 1989 644 2064 est,
672 1981 768 2041 etiarn
790 1989 857 2041 tres
878 1980 948 2041 illas
957 1982 1122 2065 regiones,

115 2082 158 2145 de
179 2085 297 2166 quibus
318 2086 412 2146 modo
434 2085 511 2168 (lini7
535 2085 664 2165 saepius
686 2083 806 2145 diserte
828 2085 860 2144 iu
892 2085 985 2146 terris
1012 2093 1122 2147 traus-

113 2194 299 2275 gangetiois
322 2193 481 2274 collocari,
505 2201 539 2254 nt
559 2193 674 2255 Kulam
693 2185 918 2273 Indepleusta‘*
944 2201 977 2254 et
999 2189 1122 2276 Geogr.

113 2297 227 2363 ΝΜ
277 2301 360 2363 ultra
410 2302 545 2363 insulam
596 2301 691 2362 sitam
739 2319 814 2362 esse
862 2302 991 2384 volunt,
1041 2320 1123 2382 quae

112 2408 291 2499 wil-„4⁸²³
317 2408 472 2498 wilm
497 2408 637 2498 wil&
664 2415 743 2499 ως
749 2407 965 2473 liuomiuatur
977 2415 1009 2468 et
1021 2409 1123 2488 vulgo

112 2550 172 2612 pro
195 2533 309 2594 insulis
328 2532 529 2595 Nieobariois
551 2532 685 2594 habetur
693 2527 714 2593 ⁶.
736 2535 785 2595 lta
803 2530 986 2595 Abnlfadti⁷
1008 2534 1124 2596 Kalam

113 2639 227 2700 urbem
250 2656 325 2700 esse
347 2639 392 2700 ait
412 2639 443 2699 in
466 2640 606 2701 orientali
630 2641 754 2701 insulae
762 2626 1006 2720 G'avaeparte3
1029 2640 1123 2719 Qan-

113 2743 222 2807 viuius
254 2744 335 2808 dues
357 2746 454 2807 etiam
476 2746 617 2807 nominat
638 2744 761 2824 Kales,
797 2761 854 2822 per
883 2762 1020 2803 errorem
1048 2743 1122 2824 qui-

114 2851 200 2936 dem,
222 2872 321 2935 quum
344 2873 386 2915 ex
407 2854 477 2915 eius
498 2852 711 2931 descriptione
733 2857 906 2929 appareat,
941 2848 981 2909 de
1009 2849 1122 2911 eadem

111 2959 248 3041 regione
271 2977 448 3023 sermonem
470 2978 559 3038 esse,
581 2957 640 3019 sed
656 2976 741 3019 eare
754 2954 939 3039 ostendeus,
962 2955 1121 3036 quomodo

112 3064 188 3128 illae
223 3075 374 3146 regiones
405 3067 468 3128 iam
503 3066 534 3127 in
562 3071 669 3131 mente
689 3063 830 3125 Arabum
859 3062 1010 3124 confundi
1024 3071 1122 3144 atque

182 3340 295 3394 apparet
312 3334 374 3384 eoll.
394 3349 418 3396 p.
443 3324 497 3390 ni.
536 3339 567 3395 3)
590 3339 639 3403 111,
660 3339 705 3389 ³2.

131 3436 164 3494 4)
179 3441 249 3489 Aue.
266 3441 326 3492 uel.
347 3455 372 3502 p.
389 3442 430 3493 12.
514 3446 545 3501 5)
564 3444 678 3506 quinque
696 3443 788 3494 diebus
806 3459 831 3506 p.
849 3443 896 3493 40.
914 3442 959 3492 vel
976 3455 1025 3490 sex
1042 3458 1067 3504 p.
1075 3446 1120 3501 39,

134 3570 165 3630 u)
183 3579 234 3618 eae
261 3571 333 3630 apud
360 3568 416 3618 Sidi
447 3570 537 3621 Alium
559 3570 711 3622 scribuntur
729 3551 827 3655 ,teli
852 3570 895 3619 vel
920 3569 992 3619 male
1009 3551 1121 3654 olegii

182 3675 280 3727 Jouru.
298 3678 346 3726 As.
365 3679 428 3727 Soc.
446 3678 530 3741 Beug.
547 3679 583 3728 V.
599 3678 663 3730 465.
680 3678 746 3727 467.

134 3764 164 3820 7)
184 3763 318 3830 Bisehiug
332 3770 407 3830 Mag.
426 3769 473 3818 lv.
491 3769 553 3822 278.
