2474 4500
452 306 789 371 ·-1·3⁴-

186 502 353 565 corporum
383 500 554 571 eorumque
582 490 714 570 puritas·
731 488 837 571 magis
865 496 899 549 et
926 486 1021 547 letius
1037 488 1185 565 ‹cpperet
1226 526 1228 584 =

185 594 217 655 in
242 594 329 656 initio
351 595 482 680 reditus,
511 599 586 678 quie
613 600 733 661 closum
762 596 926 677 praecedit
957 594 1121 661 turbidum
1144 602 1184 659 et

183 718 298 781 purum
317 701 418 765 mixto
438 704 526 784 prius
552 714 612 767 est.
654 703 844 768 Producitur
869 714 974 768 cutem
1002 704 1182 787 vito-spuri-

184 815 251 869 tute
268 809 509 888 temperamenti
528 817 561 871 et
580 810 763 892 integritate
782 811 909 893 virium,
930 828 1014 892 quae
1039 812 1182 877 olenen-

185 924 289 975 torum
324 912 468 981 efiiciuut
503 917 658 980 mixturas
697 927 862 998 corruptas
898 927 932 980 et
962 934 1101 999 prnm-
1134 918 1181 981 lte

185 1024 258 1087 linis
279 1025 399 1087 reditus
421 1026 613 1089 universalis
628 1027 761 1089 formam
781 1027 882 1091 efficit
896 1025 1180 1108 foedamium

187 1127 322 1191 debilem
344 1140 377 1193 et
397 1141 649 1213 temperamento
688 1137 875 1215 commixto
902 1133 992 1197 vires
1019 1131 1182 1215 deminuo,

188 1237 353 1301 enimnlio'
383 1238 480 1303 exitio
510 1239 566 1301 dot
597 1248 630 1301 ot
658 1241 822 1303 materiem
859 1242 978 1302 irritum
999 1238 1115 1325 reddit,
1141 1238 1184 1305 iu

188 1352 242 1427 ut,
272 1346 327 1426 qui
355 1353 431 1407 tuuc
464 1346 591 1432 vivunt,
624 1349 723 1408 vitam
759 1350 919 1427 complere
954 1366 1018 1411 non
1051 1346 1183 1427 possint
1223 1406 1228 1419 ,

188 1453 364 1515 Praeterea
393 1454 425 1513 in
452 1454 503 1515 his
530 1455 600 1517 Indi
634 1457 731 1517 multo
766 1456 894 1518 tradunt
929 1453 970 1517 de
1009 1453 1122 1535 morio
1154 1460 1185 1517 ct
1226 1442 1228 1465 '

190 1560 387 1642 argumentis
406 1562 629 1643 principiorum
655 1564 846 1643 primorum3
892 1568 1069 1625 ooeummt·
1093 1560 1185 1623 etiem

189 1668 271 1728 inter
302 1667 386 1729 hanc
413 1670 457 1730 in,
476 1668 626 1749 periodos
663 1677 697 1729 ot
722 1668 910 1731 hizorvtne
936 1666 1186 1735 distributionem

190 1774 372 1855 aenigmata
393 1781 426 1834 et
444 1775 600 1855 mysteria
618 1775 658 1837 de
671 1776 784 1839 animis
819 1792 1079 1857 eorumquoeuur
1093 1794 1188 1841 mu-
1219 1764 1222 1769 ¹

191 1877 240 1942 dis
263 1882 428 1945 altioribus
450 1884 670 1945 coniunctione
692 1891 725 1944 et
744 1881 860 1966 modo,
892 1901 955 1963 quo
983 1880 1025 1943 de
1052 1878 1186 1947 condili-

190 2008 251 2051 oue
272 1989 425 2069 superiori
444 1990 476 2051 in
497 1990 676 2052 inferiorem
696 1989 908 2071 descendunt,
926 1998 962 2053 et
980 1990 1045 2053 olio
1063 1988 1188 2071 sinilia,

188 2114 273 2176 quae
294 2096 557 2161 eosBrohmonus
577 2107 720 2177 tempore
739 2097 960 2178 antiquissimo
980 2096 1099 2161 docuit.
1119 2096 1190 2161 llo-

188 2202 301 2283 gnevit
312 2203 512 2267 Brahmanus
533 2223 634 2285 usquc
645 2203 686 2265 od
696 2212 894 2285 mortompor
908 2212 1074 2267 trecentos
1086 2220 1190 2267 sen·

189 2312 280 2393 ginta
298 2329 360 2373 sex
382 2330 493 2377 annos.
534 2313 690 2372 Posteros
711 2311 799 2391 eius,
826 2310 883 2390 qui
915 2310 1121 2373 Boanum
1147 2306 1190 2371 ed

188 2427 329 2489 nostram
343 2437 448 2500 usque
460 2425 599 2483 aetatem
610 2416 821 2499 nominentur,
841 2417 910 2478 lndi
920 2416 1190 2497 maximifnoiut,

189 2535 226 2589 ut
257 2526 310 2608 qui
340 2524 486 2604 stirpium
513 2508 656 2603 ipsorum
685 2540 866 2602 supremum
897 2530 930 2587 et
960 2520 1189 2587 nobilissima

191 2633 394 2695 mmtituont.
437 2631 543 2695 Cerne
569 2651 632 2693 non
659 2640 852 2709 vescuntur3
893 2630 954 2693 viri
981 2646 1023 2693 nc
1046 2628 1190 2693 rm

162 2725 277 2807 ⁶llcvo
297 2748 424 2823 portent
443 2737 507 2822 file,
529 2727 848 2820 quibus'oioguntur,
868 2746 903 2799 ut
922 2734 1053 2801 balteis·
1064 2734 1193 2817 Μο-

190 2871 271 2932 rum,
303 2868 364 2930 quo
393 2847 613 2913 discernentur
645 2865 665 2907 a
693 2846 812 2908 ceteris
844 2842 996 2907 ludorum
1022 2842 1193 2905 olendum

99 2963 104 2969 ’
191 2959 293 3021 Exiis
308 2958 526 3039 antiquissimo
544 2966 686 3037 tempore
698 2962 854 3037 regnanto
866 2952 1049 3015 Brahmrno
1067 2944 1193 3035 copon

191 3068 374 3149 sepientes,
403 3065 456 3145 qui
476 3060 705 3145 spectatissimi
724 3062 805 3122 inter
827 3077 885 3122 eos
901 3066 1005 3143 erent,
1025 3078 1194 3123 converre-

192 3182 265 3237 rent
285 3174 318 3235 in
338 3173 475 3234 Domum
495 3166 656 3234 oureom.²
676 3169 723 3230 lbi
744 3169 825 3231 inter
847 3186 886 3229 se
907 3166 1074 3229 dixerunt:
1101 3164 1194 3229 Cu·

191 3279 335 3343 sidonius
356 3278 397 3341 od
418 3276 654 3359 disputandum,
686 3284 722 3337 ut
742 3291 978 3354 cognoscemus
1005 3270 1120 3335 muudi
1143 3270 1196 3335 Η-

193 3385 323 3449 storium
346 3393 378 3446 et
398 3380 603 3464 mysterium,
636 3378 721 3441 uude
745 3382 932 3441 venerimus
936 3422 950 3462 ,
976 3394 1041 3459 quo
1062 3390 1195 3461 m,

193 3503 298 3556 utrum
319 3488 498 3573 procreatio
519 3506 562 3549 ex
582 3486 676 3549 nihilo
697 3485 869 3548 statuendo
890 3487 945 3568 sit,
967 3502 1029 3547 neo
1043 3502 1099 3567 uo,
1122 3502 1197 3551 uum

195 3613 332 3682 creator,
359 3598 411 3679 qui
433 3596 472 3657 de
493 3596 589 3658 nihilo
613 3612 672 3656 nos
693 3591 843 3674 produxit
865 3600 898 3654 et
918 3608 1056 3673 corpore
1082 3598 1198 3655 mur

199 3732 426 3751 m

214 3806 243 3871 r)
259 3807 330 3857 uam
348 3801 544 3853 emendandum
562 3798 671 3847 voretur·
685 3777 820 3878 &eboli
