2474 4500
509 314 738 379 ..127-

212 491 426 557 Brahmauum
450 502 608 557 nortuum
636 505 805 577 postquem
835 497 905 560 Indi
932 515 1129 581 magnopere

142 599 284 683 inerunt,
306 620 417 684 rogem
439 603 501 663 eibi
528 613 676 665 crearunt
701 624 722 665 e
741 605 813 667 filiis
847 606 918 667 eius
949 614 1028 668 natu
1053 621 1128 666 ura-

63 692 76 753 ὶ
139 704 254 789 moni,
303 710 358 790 qui
400 709 523 788 paterni
564 711 749 771 testamenti
782 719 955 773 exsecutor
987 709 1126 788 abipso

63 827 74 843 ·
138 814 312 877 cruentatus
332 816 447 876 fuerat.
477 816 510 875 Is
531 815 590 877 fuit
610 813 746 877 Bthbtd
755 816 773 875 ¹.
794 817 888 877 More
909 817 1009 896 patris
1028 814 1125 893 vixit,

63 920 71 959 ¹
133 923 235 999 populo
257 923 376 1002 optime
395 923 574 1002 prospexit,
597 922 697 982 multu
718 920 822 981 denuo
845 921 990 982 aedificia
1015 920 1126 1000 spieu-

63 1026 94 1045 ”
128 1022 192 1087 dida
211 1030 383 1110 exstruxit,
412 1029 575 1107 sapientes
596 1030 778 1107 anteposuit
818 1046 991 1108 eorumque
1019 1027 1128 1109 digni-

125 1140 216 1195 tatem
237 1136 328 1197 auxit
355 1154 493 1217 eoaque,
521 1144 558 1197 ut
585 1146 618 1196 et
643 1135 795 1216 popuium
824 1134 977 1195 docerent
1003 1141 1037 1196 et
1067 1125 1127 1212 ipsi

124 1237 275 1301 indefessi
298 1242 465 1303 scientiam
476 1248 679 1322 quaererent,
700 1239 828 1317 impuiit.
849 1240 959 1319 Usque
979 1238 1021 1300 ud
1035 1256 1124 1298 rnor-

124 1352 189 1407 tem
210 1350 362 1427 regnavit
383 1356 511 1409 eentum
540 1362 650 1407 atinus.
692 1345 771 1406 Eius
804 1351 949 1424 tempore
973 1345 1124 1405 inventus

117 1459 172 1510 est
192 1448 367 1513 duodecim
386 1454 574 1533 scriptorum
595 1447 728 1532 iud11s2,
762 1451 807 1511 ita
834 1448 929 1511 fictus
955 1451 987 1511 in
1014 1450 1126 1511 simili·

112 1552 263 1618 tudinem
284 1557 417 1619 rationis
440 1577 519 1639 opos
540 1556 741 1639 acquirendi,
771 1575 855 1636 quiae
874 1557 906 1618 in
927 1557 989 1618 hoc
1010 1554 1128 1618 mundo

110 1682 221 1745 neque
242 1667 362 1728 astutia
384 1685 489 1747 neque
509 1665 544 1726 vi
567 1665 768 1747 contingunt,
808 1684 882 1727 nem
901 1666 934 1727 in
955 1682 996 1726 ee
1016 1664 1122 1726 vietus
1152 1663 1174 1722 a

188 1948 261 1998 Anu.
279 1947 367 2010 mosi3
382 1948 460 1997 iocus
478 1951 568 1997 tumen
585 1947 643 1998 ibici.
660 1960 686 2008 p.
704 1946 882 1997 deterritus
900 1946 927 1996 iu
944 1946 1033 1995 verbis
1044 1957 1125 2008 pror-

134 2075 137 2081 .
192 2051 241 2088 sus
259 2037 394 2101 discrepat
411 2051 428 2086 a
445 2039 505 2088 ioco
523 2038 584 2089 iiist.
601 2039 708 2090 anteisi.
725 2053 750 2101 p.
769 2038 814 2087 82.
847 2039 891 2086 Ad
912 2049 946 2087 ea
969 2040 1125 2088 assumento

187 2128 220 2176 ab
238 2127 346 2191 integro
364 2141 447 2189 opere
464 2129 554 2177 uiiena
571 2129 651 2179 etiam
669 2128 710 2177 iiic
726 2128 803 2178 lucus
821 2128 945 2189 pertinet,
965 2123 1123 2179 cMasridio

188 2220 344 2280 excerptus,
362 2217 436 2271 cuius
454 2217 591 2280 scriptoris
608 2218 743 2267 Abuifada
760 2218 867 2268 omuino
886 2232 962 2269 usum
979 2231 1035 2270 non
1051 2219 1122 2271 fecit.

130 2332 166 2399 Β)
186 2331 314 2383 Notabile
330 2334 380 2381 irco
396 2327 513 2383 Musirdii
537 2337 571 2383 tie
591 2334 656 2384 iudo
680 2335 840 2395 scriptorum
864 2335 1043 2384 testimonium
1071 2339 1123 2398 est,

186 2417 229 2469 cui
246 2425 357 2480 praeter
374 2433 435 2469 oum
451 2421 541 2469 uuiius
560 2425 688 2483 quantum
710 2422 808 2473 sciurus
825 2423 914 2471 Aruina
930 2423 1049 2472 indicam
1067 2422 1124 2472 cri·

186 2509 278 2571 ginone
295 2511 393 2561 tribuit.
416 2511 499 2562 Certo
516 2515 585 2574 apud
602 2515 684 2563 ludos
702 2513 728 2562 in
747 2527 797 2563 usn
813 2513 884 2575 iuit3
901 2513 1002 2563 diserte
1019 2514 1124 2563 ‹iuscri-

182 2616 508 2696 bituriitartr.1ss,43,
526 2618 568 2667 ubi
585 2619 722 2669 vocabula
744 2620 872 2681 leguntur
897 2625 944 2694 ᾖ·
960 2632 1009 2679 pro
1043 2634 1121 2688 ew

182 2738 323 2803 scriptule,
338 2746 426 2799 W
450 2753 499 2801 pru
516 2741 614 2806 alveo,
630 2728 701 2822 πτῆ-
718 2755 767 2804 pro
784 2742 904 2804 caicu103
935 2745 987 2791 sed
1011 2755 1046 2791 ex
1071 2755 1123 2792 an-

148 2845 309 2923 „tholegia
326 2846 378 2895 ista
394 2847 480 2908 qualis
498 2850 539 2896 est
556 2861 628 2898 nono
648 2849 692 2897 vei
710 2849 812 2898 decimo
830 2849 941 2899 saeculo
958 2862 985 2910 p.
1003 2848 1034 2900 c.
1052 2851 1123 2899 haud

187 2934 331 2997 antiquiori
349 2935 383 2983 de
399 2935 457 2984 eius
474 2935 630 2998 antiquitate
647 2937 708 2986 nihii
726 2937 816 3001 colligi
833 2944 931 3000 potest.
963 2939 1028 2989 Eius
1044 2951 1124 2988 meu·

191 3040 230 3091 tio
246 3042 322 3091 facto
339 3042 446 3092 videtur
462 3042 487 3091 iu
506 3044 556 3092 irco
572 3041 785 3096 versquie'c'ii.
805 3062 829 3109 p.
850 3043 889 3115 tto

269 3141 876 3250 weremundus:
928 3174 935 3193 ¹

268 3266 872 3358 &terciumdecirffiutitnffi

255 3423 313 3473 Per
337 3424 445 3473 tretam
466 3422 564 3473 omnia
590 3424 690 3488 omui,
715 3427 745 3475 et
760 3418 896 3488 priuatae
912 3436 1000 3475 cauea
1016 3439 1125 3488 cor-pue

188 3527 283 3564 meam
299 3513 443 3577 octauut,
460 3526 516 3577 per
532 3515 684 3565 aarum
702 3515 734 3565 iu
750 3517 882 3577 plateam
899 3517 1048 3578 wmarus,
1069 3528 1125 3577 per

189 3601 299 3655 itat'am
316 3605 488 3667 prostratus
503 3617 585 3668 rum,
602 3616 673 3666 quoe
691 3605 801 3655 nomina
824 3604 893 3653 aliae
914 3604 1009 3667 Quoto
1034 3609 1124 3655 certos

186 3697 266 3746 aleae
295 3696 382 3746 uetus
410 3695 581 3759 significare,
608 3697 637 3743 ut
660 3696 857 3744 commentator
876 3692 1005 3757 indigena
1020 3694 1125 3758 statuit,

188 3797 244 3836 nou
260 3784 405 3835 verisimile
423 3789 480 3846 εει)
496 3797 574 3849 quum
592 3782 650 3833 eius
667 3780 890 3833 denominatim
906 3793 942 3835 uo
952 3783 1009 3834 ulio
1019 3764 1145 3847 quiuen'
