2474 4500
541 332 581 344 -
627 296 689 360 us
731 330 772 342 --

154 482 252 544 obire.
272 482 360 543 Dum
380 481 465 543 haec
484 479 566 542 satis
587 479 754 562 divulgato
774 485 851 541 sunt
870 484 905 539 ot
923 476 956 539 in
981 490 1044 539 sus
1064 474 1150 557 quis-
1200 498 1202 557 5

156 605 219 668 qne
239 605 297 648 rex
336 605 374 647 se
394 585 598 666 praeparavit
625 585 729 646 insuia
754 582 795 645 ad
823 568 1028 665 Mahrdg'um
1062 580 1151 665 digne

153 692 387 775 excipiendum,
410 692 481 771 ipse
502 690 648 753 omnibus
676 691 737 752 rite
764 690 917 753 ordinatis
942 696 976 750 et
1001 680 1151 771 periccv's
1197 726 1200 731 ·

153 801 284 882 navigia
305 797 492 861 conscendit
511 808 545 861 et
566 818 637 862 cum
660 799 803 861 exercitu
821 798 853 860 in
874 816 1010 881 regnum
1029 796 1151 861 Kami-

155 926 249 968 rense
271 907 406 989 traiecit,
429 907 522 967 cuius
541 926 600 967 rex
623 905 699 966 nihil
720 906 785 967 tole
804 906 989 987 suspicatus
1011 912 1076 989 est,
1097 904 1160 967 do·'

155 1032 217 1075 nec
237 1015 290 1075 iiic
302 1015 333 1075 in
354 1013 485 1076 fluvium
500 1014 542 1076 ad
548 1010 664 1076 'sedem
677 1015 797 1094 imperii
804 1013 972 1077 ducentem
980 1010 1154 1078 inveders-

156 1116 224 1184 turs
256 1122 441 1185 Exercitum
465 1142 658 1206 aggressus,
681 1142 738 1204 por
756 1121 937 1185 socordiam
959 1124 1046 1202 cepit
1060 1126 1173 1205 pree-³

155 1228 261 1291 factos
286 1230 386 1309 urbis,
409 1229 523 1292 deindo
543 1232 614 1311 ipse
635 1232 712 1292 urbe
724 1232 855 1313 potitus,
878 1231 1035 1293 otincciis
1052 1230 1084 1293 in
1099 1230 1155 1293 cii-

159 1338 297 1398 enteiam
318 1339 468 1422 receptis,
492 1339 738 1402 incolumitatem
759 1341 948 1421 proclamari
967 1338 1072 1403 iussit.
1091 1338 1158 1403 ne-

160 1459 236 1522 gem
258 1445 420 1523 captivum
442 1447 563 1507 factum
584 1463 656 1507 cum
677 1444 808 1528 vcciro,
844 1444 918 1507 dum
944 1446 1016 1527 ipse
1035 1447 1068 1507 in
1095 1444 1159 1508 eim

160 1544 274 1607 throno
295 1545 437 1629 sederet,
458 1557 660 1628 praesentem
681 1549 797 1610 sistere
824 1548 918 1608 iussit
945 1554 979 1608 et
1008 1546 1055 1609 its
1082 1546 1161 1609 silo·

158 1658 254 1712 cutus
276 1660 344 1713 est:
366 1652 452 1730 Quid
468 1662 501 1715 te
511 1655 643 1739 impulit,
665 1662 700 1716 ut
714 1653 746 1716 id
764 1663 905 1741 optares,
928 1650 1013 1736 quod
1034 1652 1162 1717 effluere

157 1775 221 1819 non
241 1775 369 1841 posses,
400 1761 484 1821 etin
506 1780 589 1844 qno,
620 1762 648 1823 si
677 1770 791 1823 nectus
824 1761 967 1845 fuisses,
996 1762 1083 1823 nulls
1113 1760 1162 1821 in-

108 1871 261 1937 22veuta
274 1874 364 1926 essct
385 1866 515 1946 utititas,
541 1866 678 1948 denique
700 1867 886 1929 cuiusnuiia
907 1884 1009 1929 cause
1022 1864 1163 1949 indagari

164 1965 297 2048 potenti
341 1970 443 2049 Quum
465 1974 541 2035 nihii
563 1974 757 2054 respondere
777 1974 929 2059 haberet,
946 1960 1164 2057 Mahrsg'ns,

161 2079 333 2161 Si,iuquit‚
344 2089 379 2142 ut
387 2092 596 2161 caputmeum
607 2085 636 2144 in
645 2085 752 2163 patina
761 2103 869 2146 eoram
879 2092 912 2144 te
926 2082 1070 2165 videres,
1092 2066 1165 2145 eum¹

160 2186 193 2247 in
213 2185 309 2247 {inem
332 2194 494 2269 optasses,
516 2195 552 2248 ut
574 2207 706 2269 regnum
729 2207 836 2250 mcum
863 2186 980 2267 publici
1008 2186 1087 2249 iuris
1112 2186 1164 2249 ia·

70 2279 78 2291 ⁶
163 2308 255 2352 ceres
277 2308 379 2369 eoque
399 2291 543 2370 potireris
564 2292 618 2353 vei
640 2299 763 2370 purtem
785 2292 856 2353 eius
884 2290 1056 2371 perderes:
1084 2306 1166 2353 nm

164 2400 268 2463 omnia
297 2400 381 2461 hacc
413 2398 573 2460 adversus
603 2407 633 2460 to
661 2414 907 2479 perpetrassem.
949 2398 1018 2458 Inm
1039 2382 1164 2483 'autem

164 2526 263 2589 quum
283 2507 356 2569 nihii
377 2506 461 2568 ultra
481 2507 614 2588 optasti,
645 2524 709 2588 ego
730 2505 813 2566 idem
843 2505 899 2565 tibi
926 2503 1045 2565 faciam
1073 2512 1109 2567 ct
1131 2502 1165 2563 in

164 2615 291 2678 domum
312 2616 433 2700 redibo,
456 2636 549 2678 manu
570 2614 652 2678 haud
675 2623 810 2676 extensa
831 2615 872 2676 ed
893 2613 989 2676 uliam
1009 2615 1042 2675 in
1063 2628 1163 2697 reguo

163 2731 307 2783 tuorem
329 2740 431 2801 neque
453 2741 601 2803 magnam
629 2740 734 2803 neque
765 2741 907 2801 parvam.
950 2723 1000 2783 Ita
1027 2738 1166 2783 succos-

159 2828 225 2889 sori
253 2837 309 2890 tuo
345 2827 406 2891 fias
432 2830 589 2908 exemplo.
639 2829 746 2889 Nemo
780 2827 908 2889 modum
933 2827 996 2889 sibi
1022 2826 1166 2889 destina-

163 2945 231 2998 tum
268 2935 398 2997 excedit
433 2936 558 2996 etiamsi
585 2935 721 2996 salutem
755 2937 838 2996 ultra
872 2933 1000 2995 modum
1024 2942 1165 3015 appetet.

169 3046 344 3105 'fumeum
367 3045 472 3123 capite
494 3045 633 3106 truncari
652 3044 753 3104 iussit.
789 3043 976 3106 Conversus
998 3050 1108 3105 autem
1128 3036 1172 3115 sd,

166 3147 325 3230 vczirum,
347 3148 449 3231 Bene,
471 3151 581 3231 inquit,
605 3151 726 3210 muneri
749 3158 801 3211 tuo
831 3149 1036 3231 satisfecisti,
1066 3164 1168 3229 neque

163 3258 238 3319 mihi
268 3256 447 3339 displicuit,
487 3259 570 3340 quod
598 3269 632 3319 tu
665 3258 791 3320 domiuo
824 3257 992 3338 prudenter
1022 3253 1165 3333 suasisti,

167 3363 337 3425 dummodo
362 3366 417 3426 tibi
439 3366 702 3444 obtemperasset.
747 3366 796 3424 'l'u
822 3366 918 3445 igitur
937 3364 1012 3423 volo
1039 3360 1164 3442 prospi-

165 3471 234 3533 cias
256 3492 341 3552 cum,
365 3472 417 3553 qui
436 3480 510 3551 post
538 3471 686 3532 stolidum
714 3471 800 3531 iilum
828 3485 932 3548 regno
962 3466 1171 3557 dignissimus,

168 3601 392 3614 m*—

186 3692 215 3749 tt
233 3691 352 3741 Ostendit
367 3691 531 3743 vocnnulum
548 3680 661 3756 Q,
678 3687 753 3737 cuins
770 3687 833 3736 loco
849 3685 995 3747 legendum
1018 3696 1082 3735 csse
1098 3692 1187 3733 con--

231 3791 291 3840 iicio
321 3803 420 3843 am>
