2474 4500
487 277 713 345 ..155-

87 456 318 540 quadrifariam
333 459 510 526 dissectum
526 471 561 525 et
580 460 726 546 aaudalo,
747 464 934 550 eampbora,
961 465 1096 545 aliisque

88 566 245 630 aromatis
266 578 489 650 praeparatum
511 569 543 633 iu
567 587 650 652 rogo
671 579 848 652 eremetur3
868 571 996 637 taudem
1015 558 1097 635 eiiii

37 653 43 669 ’
87 672 349 738 veutistraditur.
357 677 568 739 Eummorem
576 678 719 758 plerique
730 677 878 740 ludorum
887 678 918 739 in
933 679 1096 758 sepelien-

86 778 141 841 dis
150 781 279 861 regibus
291 790 324 843 et
331 784 516 863 proceribus
528 785 703 845 observant
715 791 845 865 propter
856 773 978 847 eertum
992 803 1096 866 quen-

87 889 164 952 dam
174 901 349 971 seopumet
359 895 455 970 viam,
465 871 560 975 quam
576 893 637 955 sibi
652 902 841 975 proponunt,
863 895 1008 956 infutura
1018 893 1095 957 vita

174 998 248 1061 Rex
270 997 455 1062 domesticis
476 1001 544 1062 suis
563 1001 608 1062 ita
624 1000 798 1063 adstrictus
811 1009 873 1081 est,
890 1009 924 1062 ut
940 1019 999 1062 eos
1013 1018 1096 1062 nrm·

86 1122 185 1187 quam
205 1114 309 1168 mutet
316 1128 325 1188 ;
347 1107 490 1170 simililer
512 1086 607 1171 etiam
628 1107 796 1170 domestici
820 1107 1014 1189 veuirorum,
1037 1108 1088 1170 iu·
1107 1117 1147 1180 18

87 1211 199 1275 diuum
218 1222 252 1275 et
274 1216 422 1277 aliorum,
438 1216 584 1277 celsioris
611 1214 804 1277 eonditiouis
831 1215 992 1277 homiuum
1027 1233 1091 1277 uon

88 1315 410 1405 dimittuutur-ueque
430 1319 626 1400 supplentur.

174 1424 246 1486 Indi
267 1444 286 1486 a
307 1435 384 1506 potu
408 1427 474 1488 viui
502 1421 699 1502 obsunmt‘t,
730 1423 814 1507 quod
854 1425 907 1505 qui
935 1423 1095 1504 bibit‘op-

87 1528 216 1610 probrio
237 1531 392 1614 officitur,
429 1553 492 1594 uon
520 1540 650 1613 propter
683 1532 878 1614 religionem,
901 1531 960 1592 sed
985 1538 1021 1591 ut
1053 1530 1095 1593 ab

88 1636 177 1699 omni
197 1656 232 1697 re
254 1646 402 1723 caveant,
426 1658 506 1719 quae
523 1639 582 1701 sibi
596 1647 734 1701 mentem
750 1639 933 1701 obnubilare
944 1647 977 1700 et
984 1639 1024 1700 ab
1039 1656 1092 1721 eo,

89 1740 142 1804 cui
164 1740 321 1805 destinata
343 1752 411 1826 est,
449 1754 597 1808 avertere
627 1747 740 1826 possit
781 1749 825 1808 lot
856 1747 884 1808 si
913 1746 954 1808 iis
982 1764 1093 1827 regem

89 1863 218 1917 constat
239 1858 315 1918 vino
342 1856 482 1919 deditum
504 1875 593 1938 esse,
628 1876 700 1919 eum
736 1865 773 1918 ut
803 1874 935 1936 regnum
968 1853 1095 1917 abdicet

89 1970 220 2043 eogimt,
230 1980 327 2041 quum
337 1963 480 2044 regimen
492 1971 525 2025 et
534 1962 766 2025 administratio
775 1977 847 2021 eum
855 1958 1095 2020 monteturbata

88 2086 154 2128 nou
174 2069 354 2130 conveniat.
397 2068 506 2147 Saepe
527 2067 656 2128 audiunt
684 2065 840 2127 musicum
864 2072 897 2125 et
925 2064 1016 2143 plura
1043 2062 1095 2123 iu·

87 2182 334 2237 strumentorum
357 2176 550 2237 musicorum
572 2193 695 2258 genera
715 2172 835 2234 habent
847 2213 858 2251 ,
892 2190 973 2252 quae
1001 2188 1092 2230 sum·

90 2300 176 2345 mum
197 2283 338 2345 laetitiae
360 2293 393 2346 et
413 2285 567 2346 moeroris
595 2282 730 2367 gradum
757 2275 930 2342 effitiunt.⁵
947 2277 1092 2341 Ancillas

88 2406 191 2468 saepe
218 2391 295 2451 vino
326 2390 497 2470 paullulum
526 2387 672 2450 madidas
699 2407 808 2452 eoram
842 2405 880 2449 se
909 2388 1009 2449 iocari
1039 2385 1092 2447 iu·

88 2496 183 2574 beut3
205 2496 383 2576 adspiciunt
404 2498 465 2558 viri
501 2497 631 2578 puellari
649 2494 908 2558 immoderatione
934 2492 1092 2555 oblectati.

88 2601 200 2663 Variis
221 2603 424 2684 regiminibus
447 2611 577 2667 utuntur
598 2602 678 2677 ludi,
699 2602 740 2663 de
756 2601 869 2682 quibus
881 2609 915 2662 et
929 2598 969 2660 de
984 2616 1092 2660 eorum

88 2706 223 2771 historia
244 2718 277 2770 et
298 2710 440 2772 moribus
462 2712 552 2790 plura
572 2710 604 2770 in
632 2710 720 2772 libris
744 2709 861 2770 uostris
893 2707 932 2768 do
960 2706 1093 2768 historia

89 2816 243 2896 temporis
265 2826 298 2878 et
317 2818 349 2878 iu
367 2818 446 2880 libro
468 2816 577 2880 Medio
598 2816 824 2897 exposuimus,
868 2831 951 2894 quae
974 2812 1006 2873 iu
1028 2810 1091 2875 boo

88 2923 276 3002 speeimiuis
296 2932 421 2987 tautum
447 2942 550 2989 eausa
571 2933 706 3006 tangere
727 2937 911 3002 possumus.

89 3117 103 3125 n-
112 3119 114 3123 ι
122 3118 169 3124 ------
178 3114 314 3126 uun-*a

156 3254 220 3297 suut
237 3261 272 3297 ex
289 3247 397 3296 veleris
408 3247 597 3309 ludopleustae
614 3247 691 3297 libro.
709 3248 743 3297 ef.
766 3248 833 3300 Aue.
851 3248 912 3298 uel.
939 3263 962 3309 p.
987 3249 1030 3300 38.
1052 3256 1091 3310 sq.

154 3340 273 3402 Eadem,
299 3340 348 3387 sed
364 3339 390 3386 in
405 3338 492 3386 verbis
505 3351 616 3399 prorsus
629 3338 684 3387 alio
696 3344 790 3387 narrat
804 3339 906 3401 Geogr.
927 3339 995 3386 b'ub.
1010 3350 1033 3396 p.
1047 3338 1092 3388 72.

106 3449 137 3509 ³)
156 3446 269 3494 luvoee.
287 3422 353 3492 ’Μ
379 3428 482 3518 ΑΒ)
511 3445 633 3492 mendum
652 3443 742 3493 inesse
760 3447 875 3496 videtur.

107 3553 139 3610 4)
157 3553 233 3600 liaeo
251 3553 284 3599 de
302 3550 368 3600 vino
378 3549 449 3599 ludis
460 3555 489 3600 et
502 3551 626 3612 imprimis
639 3550 748 3612 regibus
757 3552 898 3602 interdicto
905 3566 940 3601 ex
949 3558 1041 3602 vetere
1048 3556 1095 3603 lu-

159 3643 301 3704 dopieusta
318 3644 454 3691 mutuatus
472 3640 578 3691 videtur
593 3635 734 3689 mustum
751 3642 786 3692 ol.
806 3645 872 3693 Ano.
889 3642 947 3693 Bel.
966 3657 992 3705 p.
1009 3642 1055 3691 41.

108 3750 139 3814 ὅ)
157 3731 231 3799 &sil
239 3777 250 3813 ,
269 3749 340 3810 quod
357 3746 382 3795 in
401 3748 476 3797 textu
493 3749 545 3810 est,
562 3756 644 3794 seusu
662 3749 746 3795 earet.
763 3746 794 3795 F.
812 3745 831 3796 l.
847 3722 928 3829 ulei
