2474 4500
488 314 693 375 ...15—

95 506 146 557 eat
187 496 345 558 Vetemm
366 495 541 576 principum
564 495 660 559 desiit
686 513 837 577 regnum,
869 514 949 578 quos
978 497 1085 577 plnres

95 606 196 687 luisse,
229 606 345 666 summi
381 605 469 687 regia
500 603 610 677 Dalriri
628 605 836 687 principatum
856 610 1086 686 αςηοεοοηῑω.

95 715 169 777 baud
189 714 434 795 improbabiliter
454 722 599 776 statuunt
608 709 630 797 ³,
671 723 705 775 et
732 732 845 795 regum
866 713 1085 795 indigenarum

95 848 295 867 m

151 928 181 971 et
195 921 363 973 occidentem
382 935 478 973 versas
497 924 612 987 distans,
630 924 705 975 cuius
721 930 803 984 caput
816 927 860 975 lio
878 926 930 977 tclri
947 928 997 977 ebe
1013 927 1044 975 fa
1058 927 1087 975 lo

151 1006 418 1110 &rap-moenibus
434 1028 491 1080 suis
513 1032 547 1081 ab
568 1032 707 1083 occidente
724 1035 759 1083 ad
780 1033 889 1082 fluvium
916 1046 1002 1095 usque
1021 1045 1088 1094 per·

152 1135 255 1185 tinebat
271 1141 300 1186 et
313 1137 380 1187 mari
397 1137 511 1187 vicinum
530 1144 602 1202 erat3
618 1139 708 1203 itaque
722 1140 749 1189 in
764 1140 822 1189 Indi
836 1140 909 1190 delta
924 1138 1041 1205 iacebat,
1061 1144 1089 1189 et·

153 1229 270 1277 tortasse
289 1227 323 1277 ab
338 1228 477 1278 occidente
493 1229 571 1279 etiam
586 1225 738 1280 Makrbnne
754 1236 859 1294 partem
878 1232 1091 1293 comprehende·-

150 1320 208 1383 tat,
225 1320 297 1367 laud
313 1322 403 1368 tamen
423 1333 566 1386 magnam,
589 1334 650 1371 nam
672 1335 785 1385 regnum
802 1322 882 1385 Lang
904 1321 941 1371 lro
965 1322 1003 1387 lo,
1025 1322 1088 1373 inde

152 1410 229 1459 0000
249 1410 272 1459 li
294 1425 327 1448 =
360 1410 415 1459 100
436 1411 501 1461 mill.
522 1412 613 1462 Germ.
633 1413 799 1463 occidentem
825 1426 920 1462 versus
942 1414 1042 1462 dismns
1062 1419 1089 1463 et

102 1568 106 1575 1
153 1502 296 1551 l’ersarurn
313 1502 486 1564 principatum
503 1516 670 1571 agnoscens,
686 1505 793 1556 nonnisi
809 1502 944 1555 Makrana
955 1517 1016 1554 esse
1027 1509 1089 1568 pot-

154 1598 204 1643 est
238 1593 361 1663 Alterum
390 1602 432 1645 est
457 1594 495 1644 Pi
518 1597 546 1644 lo
571 1596 617 1646 clai
639 1599 667 1647 lo
689 1599 723 1646 ab
741 1599 792 1647 lroc
816 1596 873 1645 Ι700
887 1596 954 1647 li=
967 1599 1003 1645 85
1022 1597 1088 1646 mill.

156 1684 248 1733 Germ.
276 1687 487 1747 septentrionem
504 1700 602 1737 versus
625 1689 742 1754 metans,
768 1691 841 1739 rmde
859 1689 886 1738 in
910 1683 1092 1751 Balrigistana

159 1776 283 1827 orientali
309 1781 489 1841 quaerendam
514 1781 579 1845 erit,
612 1781 696 1832 Kelat
722 1782 813 1853 urbem
837 1795 941 1831 versus.
974 1783 1016 1832 Ab
1040 1784 1091 1833 boc

156 1869 366 1930 septentrionem
385 1883 479 1920 versus
497 1876 524 1921 et
546 1872 677 1922 orientem
695 1874 789 1925 00011
807 1899 847 1923 a:
865 1872 898 1924 15
921 1873 987 1924 mill.
1008 1873 1091 1922 dista-

161 1960 207 2007 bat
228 1960 337 2009 tertium
363 1974 477 2024 regnum
503 1961 528 2011 A
554 1977 615 2026 pan
643 1965 743 2027 tclrlro,
776 1965 817 2014 cui
845 1965 957 2026 regulus
984 1964 1090 2027 quidem

158 2057 286 2113 praeerat
305 2050 379 2114 (pas
390 2055 424 2104 dc
435 2036 533 2118 prona
549 2054 626 2119 roi),
641 2057 690 2104 sed
711 2055 734 2104 is
756 2055 864 2105 Sindiae
880 2055 939 2118 regi
956 2056 1092 2106 obediens.

159 2144 188 2192 ld
206 2144 269 2192 milri
285 2144 391 2193 videtur
408 2142 468 2194 e'sse
488 2145 674 2211 collocandum
688 2146 716 2194 in
732 2146 847 2208 regione
865 2142 1018 2196 Sivistbnae
1042 2146 1093 2196 bo-

157 2237 282 2295 uternam
296 2237 355 2287 buic
372 2237 440 2287 situi·
449 2222 585 2301 repugnat
603 2238 718 2302 quidem,
733 2240 805 2300 quod
821 2239 848 2288 iri
868 2251 982 2300 regnum
999 2238 1055 2287 000
1070 2237 1094 2286 a·

156 2354 196 2377 ==
215 2328 254 2378 45
271 2330 337 2379 mill.
350 2334 471 2381 austrum
490 2344 588 2381 versos
604 2334 632 2383 et
654 2331 819 2382 occidentem
844 2333 951 2383 distare
965 2332 1061 2383 dicitnr
1076 2343 1095 2381 a

165 2424 205 2473 Fa
219 2422 248 2470 la
265 2434 332 2485 nou,
352 2435 421 2482 quae
438 2421 515 2484 regio
532 2424 679 2471 secundnm
700 2422 736 2472 V.
754 2421 794 2472 ci.
819 2421 943 2471 Lassenii
964 2420 1094 2483 expositi-

160 2526 237 2563 onem
259 2513 331 2562 eirca
358 2515 456 2562 numen
478 2514 636 2563 hodiernum
660 2516 747 2564 Baran
766 2515 792 2564 in
812 2515 976 2564 australibus
995 2513 1094 2563 montis

159 2610 300 2659 llindnkob
317 2610 450 2658 radicibus
467 2610 626 2659 collocatum
646 2612 706 2658 erat
724 2610 772 2666 (cf.
797 2608 854 2656 eius
873 2607 968 2657 librum
989 2608 1023 2656 de
1042 2619 1094 2659 nu-

161 2702 209 2749 mis
221 2700 350 2749 Baetricis
368 2714 393 2762 p.
413 2699 487 2756 151.)
509 2702 556 2748 sed
572 2700 624 2750 hoc
644 2698 782 2757 scriptoris
804 2696 970 2744 tribuendum
992 2697 1034 2743 est
1048 2705 1095 2742 er-

164 2792 217 2841 rori
231 2764 268 2842 eo
283 2790 408 2855 faciliori,
426 2803 505 2852 quum
525 2790 559 2837 ab
577 2788 667 2837 bacin
682 2787 755 2835 illam
775 2789 875 2835 terram
888 2788 964 2833 recta
977 2783 1008 2831 iri
1016 2795 1096 2845 pror-

165 2898 211 2933 sus
228 2896 283 2935 nen
299 2867 426 2947 potuerit.
461 2883 574 2933 Omnino
593 2884 634 2933 Fa
647 2881 677 2931 la
692 2894 747 2930 nou
765 2884 866 2929 terram
884 2878 955 2928 inter
974 2876 1096 2938 aliasque

163 2978 286 3041 regiones
292 2972 499 3027 intervallanon
506 2974 704 3025 satisaccurate
710 2974 809 3023 tradita
830 2985 892 3023 esse
905 2973 982 3022 notat
994 2972 1099 3020 Laese*

164 3070 221 3119 nius
246 3071 265 3118 1.
288 3069 306 3117 1.
326 3070 352 3116 A
373 3068 422 3117 Sin
458 3074 506 3115 tou
532 3065 662 3115 orientem
684 3076 780 3113 versus
798 3034 856 3112 l900
876 3062 900 3113 a·
920 3082 958 3105 =
973 3061 1010 3111 45
1032 3060 1096 3109 mill.

166 3159 266 3207 distans
286 3162 361 3206 trans
385 3156 479 3202 Indum
496 3152 576 3202 situm
599 3154 659 3201 erat
681 3162 794 3211 regnum
814 3150 899 3198 Meou
921 3150 949 3198 lo
968 3161 1021 3196 son
1037 3159 1097 3211 pcc

163 3258 201 3317 to,
229 3266 247 3301 a
275 3250 365 3300 multis
388 3246 621 3297 Brabmanicornm
639 3244 750 3291 deorum
773 3240 930 3303 cultoribus,
954 3242 982 3287 at
1005 3236 1096 3298 paucis

165 3345 311 3395 Buddlrlstis
343 3340 522 3390 inhabitatum.
556 3336 586 3385 Id
620 3346 674 3384 non
711 3332 812 3397 dubito,
845 3329 907 3392 quin
932 3330 967 3380 sit
992 3328 1098 3377 Multan

339 3464 345 3476 .
368 3428 434 3475 inde
451 3423 660 3487 septentrionem
675 3432 777 3469 'versus
799 3420 827 3466 et
848 3415 978 3465 orientem
1000 3411 1098 3466 70011

165 3482 208 3563 “=
223 3515 259 3562 35
279 3514 343 3561 mill.
361 3513 476 3561 distabat
494 3513 531 3558 Po
544 3510 572 3557 sa
589 3516 628 3572 to,
645 3511 761 3569 quatuor
776 3500 879 3567 stapla,
900 3500 943 3563 qui
964 3498 1097 3561 dicuntur,

168 3610 192 3653 ct
209 3605 307 3667 viginti
323 3607 427 3668 templis
445 3600 622 3650 Bralrmanieis
641 3602 773 3661 ornatum,
795 3594 820 3642 in
848 3606 899 3655 quo
916 3588 998 3639 Talin
1016 3600 1052 3637 na
1070 3588 1097 3636 re

166 3690 210 3737 tlra
236 3690 265 3738 lo
294 3680 420 3770 Ι-ἶιηπ(
456 3687 551 3735 librum
582 3697 658 3733 sunm
687 3679 868 3742 composuisse
901 3675 1002 3725 dicitur.
1040 3675 1096 3722 lta-

168 3789 216 3835 que
240 3775 339 3823 circum
354 3776 487 3823 Laborem
501 3771 613 3819 iacuisse
631 3769 746 3825 videtin,
762 3766 811 3813 sed
823 3762 932 3812 nomina
945 3760 1005 3810 mibi
1017 3772 1095 3823 pror-

167 3881 210 3916 sus
230 3867 369 3932 incognita
388 3872 458 3916 sunt.
