2474 4500
498 311 728 373 -217-

114 500 219 581 gibbis
242 499 387 579 praediti,
409 499 460 577 qui
481 496 553 556 alibi
575 496 692 556 frustra
713 501 902 572 quaeruntur
923 505 955 555 et
980 494 1053 554 lrinc
1080 494 1111 552 in

114 609 335 668 lihorasanam
371 614 404 665 et
431 605 575 667 Persiam
614 602 824 683 deportantur.
866 603 918 662 Ex
948 589 1111 674 tali'enim

114 715 301 776 admissario
323 725 355 774 ot
369 712 494 773 camela
505 710 644 771 Arabica
659 699 797 772 oriuntur
812 710 937 792 cameli,
959 709 1112 790 quiKho-

115 824 251 883 rasanici
275 822 428 882 dicuntur.

198 932 287 990 Hmn
310 929 400 1009 regio
423 929 528 1009 ampla
550 937 613 1010 est,
636 929 794 990 miraculis
816 927 990 992 abundans.
1031 927 1113 987 llius

115 1039 252 1098 ambitus
263 1038 323 1096 iter
338 1039 427 1096 trium
440 1037 594 1097 mensium
608 1045 723 1117 aequat
743 1037 773 1096 in
790 1036 1029 1118 longitudinem,
1053 1034 1114 1096 du-

115 1166 202 1206 orum
226 1145 255 1205 in
278 1144 472 1205 latitudinem
494 1164 597 1225 noque
619 1164 689 1206 eam
710 1145 772 1205 ulla
782 1153 866 1204 terra
878 1152 1010 1224 superat
1029 1143 1114 1205 mul·

116 1252 249 1312 titudine
260 1253 411 1313 montium
431 1260 462 1313 ct
486 1251 664 1313 fluviorum.
687 1252 808 1314 Plantis
831 1253 985 1313 nobilibus
998 1260 1029 1313 et
1042 1252 1114 1314 ani-

115 1361 248 1420 malibus
271 1361 462 1422 mirabilibus
484 1361 655 1440 singularis
677 1359 826 1422 redditur.
869 1363 921 1423 Ex
951 1380 990 1422 ea
1012 1360 1118 1421 omnis-

116 1471 246 1551 generis
274 1490 326 1531 res
355 1472 515 1550 pretiosae
543 1471 574 1531 in
603 1471 740 1550 reliquas
768 1467 871 1531 terras
900 1477 1116 1551 exportantur,

115 1597 294 1658 quanquam
316 1589 512 1641 mercatores
532 1580 654 1641 nonnisi
684 1578 724 1641 ad
745 1581 863 1660 primos
891 1589 1013 1642 tractus
1039 1598 1117 1660 per-

115 1686 263 1764 veniant3
286 1704 357 1745 nam
383 1706 453 1746 raro
482 1695 642 1748 nostrates
670 1698 832 1747 extremas
860 1709 966 1749 eorum
997 1687 1117 1748 adeunt

113 1797 276 1876 regiones,
293 1794 1117 1877 quiainsrdelessuntatvitametopeseripiuntfflnd
1210 1790 1212 1795 ’

116 1915 148 1964 ct
171 1902 250 1964 Sind
278 1904 392 1963 iratres
427 1902 516 1963 fuere
546 1924 564 1963 o
594 1904 664 1965 liliis
690 1904 793 1965 Yirlar
821 1906 876 1964 lilii
904 1906 1026 1964 Joktan
1062 1903 1116 1965 lilii

115 2011 201 2069 llam
224 2007 277 2066 lilii
300 2008 404 2068 Noae.
448 2009 532 2070 Sunt
554 2018 668 2090 gentes
692 2010 893 2072 diversarum
914 2011 1113 2091 religionum.
1147 2036 1150 2037 ⁷

115 2121 232 2181 Eorum
255 2118 306 2177 alii
330 2126 505 2178 creatorem
529 2120 650 2200 colunt,
673 2138 775 2199 neque
790 2128 896 2180 tamen
911 2119 1097 2199 prophetam
1109 2133 1164 2202 375

115 2227 168 2308 qui
190 2227 389 2288 Bralrmanae
411 2237 504 2304 sunt3
534 2228 583 2287 alii
612 2246 720 2306 eorum
752 2235 905 2289 neutrum.
942 2228 1005 2286 Alii
1031 2225 1116 2287 idola

114 2341 322 2412 venerantur,
343 2333 396 2391 'alii
419 2332 534 2413 lunam,
555 2333 607 2394 alii
628 2333 755 2414 ignem3
779 2334 904 2414 quidam
926 2334 1022 2394 etiam
1038 2352 1116 2412 pro-

115 2440 260 2499 miscuos
281 2441 465 2518 permittunt
494 2440 691 2501 concubitus.
735 2442 940 2526 Inveniuntur
966 2440 1008 2501 ibi
1036 2440 1117 2500 inter

113 2549 239 2608 fossilia
264 2567 411 2628 gemmae
438 2550 615 2629 pretiosae,
653 2567 713 2609 nec
735 2548 851 2609 desunt
861 2548 984 2608 ¹herbae
1001 2549 1117 2628 singu-

113 2658 222 2737 laram,
266 2656 411 2717 animalia
453 2656 629 2730 mirabilia.¹
672 2656 842 2718 Abuldhali
879 2655 1007 2742 Sindius
1043 2656 1117 2718 dum

111 2764 222 2824 Indiae
243 2764 392 2844 regiones
414 2764 573 2848 describit,
595 2764 688 2827 dicit:
702 2766 733 2858 ²!
1179 2756 1180 2761 ἵ

157 2873 331 2946 Neam-unt
361 2875 485 2950 quidem
522 2876 650 2934 sodales
685 2879 748 2934 mei
779 2893 838 2934 aec
879 2881 985 2936 tamen
1029 2878 1119 2935 istud

141 2986 143 2990 ’
485 2984 797 3056 praestanhosimam
818 2987 883 3060 est,

159 3084 293 3158 Quando
316 3085 505 3146 larrdcdatar
526 3089 620 3148 India
641 3090 785 3167 Indoque
807 3094 925 3168 saqitta
945 3094 980 3150 in
1007 3109 1116 3168 campo

493 3198 609 3255 caedis.

160 3303 225 3360 Per
248 3304 342 3359 vitam
362 3300 487 3360 ineam!
511 3305 599 3360 terra
619 3308 686 3361 eat:
704 3305 739 3361 ιἰι
760 3321 855 3382 quam
875 3305 907 3361 ai
922 3301 1035 3380 pluvia
1059 3303 1116 3360 de-

492 3411 582 3485 cidit,

145 3593 343 3604 ...-*..--.-.--—a

136 3717 166 3775 2}
185 3715 335 3772 versuum,
365 3710 408 3771 qui
430 3715 576 3780 sequuntur
601 3709 711 3754 metrum
730 3703 878 3802 estve,
906 3714 934 3758 et
965 3708 1069 3770 quidem
1100 3722 1115 3755 e

187 3836 267 3916 2?ss
285 3833 377 3896 priorl.
413 3832 512 3889 nreyt.
532 3831 630 3880 Verslr.
648 3830 712 3880 226.
