2474 4500
69 481 75 544 l

674 220 677 233 l

699 272 708 287 l

519 281 727 348 ..35.„

143 492 302 552 lmtor'ne
322 502 424 551 caum
444 482 558 568 cadat3
579 504 654 550 nam
674 505 711 549 ro
729 485 790 550 rito
808 502 980 570 perperna,
1000 482 1121 568 quinia

140 590 307 658 omanem
327 602 417 658 eatur
441 595 654 678 tententiam,
682 595 750 658 lieri
777 574 840 659 non
865 613 963 677 posse
983 593 1119 658 videtur.

138 702 235 787 lolam
255 704 484 785 quaestionem·
496 704 550 767 lric
570 703 676 768 denuo
696 705 863 766 instituere
882 705 914 766 in
935 705 1039 767 animo
1057 723 1121 768 non

136 806 240 889 labeo3
261 807 397 891 sufficit,
420 818 503 889 qnae
524 808 565 871 de
585 809 654 872 libri
674 811 808 873 historia
828 816 989 889 constant,
1007 808 1120 871 brevi-

134 916 172 975 tet
187 914 359 997 exhibere,
399 914 485 976 haud
505 916 662 1000 neglectis
682 917 838 999 primariis
865 916 1121 981 adversariorum

80 1102 86 1109 .
130 1019 327 1103 argumentis.
336 1015 359 1081 ².
379 1056 380 1060 =

133 1134 157 1173 '2'
197 1125 341 1188 Primum
361 1144 425 1187 non
445 1124 650 1188 dubitandum
670 1134 735 1208 cst,
758 1124 799 1188 de
816 1125 930 1189 eodem
945 1126 1026 1189 libro
1041 1143 1118 1189 esso

69 1284 71 1309 ,
125 1244 309 1314 ammonem,
333 1233 385 1314 qni
404 1233 571 1295 etiamnum
594 1233 655 1294 etsi
676 1235 781 1296 multis
809 1235 948 1298 numeris
976 1241 1119 1296 mutatus

124 1334 229 1399 eodem
250 1337 343 1399 mulo
364 1345 482 1399 exstat
502 1337 704 1399 Narrationis
723 1339 903 1419 primariae,
925 1357 988 1420 qua
1008 1356 1120 1402 omnes

121 1435 199 1499 riae
221 1437 532 1518 comprehenduntur
551 1446 585 1498 et
613 1439 705 1520 quasi
730 1440 876 1522 margine
903 1439 1119 1522 includuntur,

119 1540 303 1626 ior-utroque
323 1545 547 1607 convenientia
569 1544 779 1629 demonstrat,
801 1547 900 1610 totins
920 1547 988 1608 libri
1017 1563 1120 1608 oeco-

118 1646 254 1712 nomiam
275 1648 409 1712 candem
430 1652 543 1714 fnisse.
562 1652 701 1715 Nomina
724 1655 929 1736 conveniunt,
951 1653 1013 1714 nisi
1033 1650 1120 1733 quot
1152 1675 1155 1681 ·

111 1754 238 1832 =icrrnac
266 1757 308 1823 si·
286 1756 382 1856 ‘isti‘
407 1765 440 1818 et
460 1757 506 1864 ⁰³>
509 1757 573 1838 lim
604 1759 836 1839 praeferendae
868 1777 944 1821 csse
970 1756 1119 1820 videntur

115 1878 174 1964 lisj
187 1894 273 1962 qnae
293 1881 325 1944 iu
345 1890 435 1945 textu
456 1885 585 1965 vulgari
613 1883 761 1963 leguntur
781 1885 824 1947 ul
803 1882 902 1985 W
924 1888 957 1942 ct
976 1891 1020 1982 ol·
1018 1879 1132 1980 ,ἰῳυ

116 2004 151 2067 ln
173 2004 315 2067 editione
336 2014 443 2067 tamen
467 2005 666 2068 Calcuttensi
701 2005 791 2067 1814.
813 2013 865 2066 est
885 2003 928 2105 cl·
932 2003 1007 2083 liic.
1051 2003 1119 2063 Iam

115 2115 249 2208 Sacyus
271 2109 488 2212 observavit⁸,
510 2128 643 2212 nullam,
680 2145 741 2210 qna
762 2127 845 2188 hacc
865 2143 992 2187 nomina
1002 2126 1119 2206 legen

113 2234 178 2317 tur,
201 2232 338 2295 formam
359 2242 466 2315 aptam
492 2234 646 2315 praebere
675 2233 903 2315 etymologiam
930 2229 1117 2335 Persicam3

112 2338 187 2401 inde
201 2346 251 2407 ea
273 2339 393 2423 colligit
414 2357 489 2401 esse
510 2339 641 2400 inventa
661 2355 682 2399 a
704 2337 839 2418 quodam
862 2337 987 2398 homine
1009 2297 1119 2397 Arabe

113 2444 283 2507 Persicam
303 2446 445 2529 lingnam
465 2467 527 2508 non
557 2445 638 2507 satis
667 2445 812 2507 callente.
856 2443 923 2506 Sed
951 2432 993 2504 ad
1019 2459 1118 2504 usur·

112 2554 221 2637 panda
242 2557 368 2618 nomina
388 2556 535 2640 Persica,
559 2555 588 2617 si
608 2552 642 2617 id
661 2553 778 2638 uoluit,
815 2553 873 2614 vix
901 2552 1029 2636 linguae
1058 2567 1119 2612 co-

181 2876 250 2927 qnne
269 2876 329 2914 enm
347 2876 364 2913 a
381 2857 505 2912 Masridio
523 2859 602 2911 scribi
619 2858 737 2922 potuisse
755 2859 839 2908 vetet.
872 2857 942 2905 Nam
968 2855 1039 2917 qnod
1063 2853 1118 2904 Sa-

180 2967 249 3018 cyns
267 2957 350 3019 addit,
368 2958 438 3017 apud
455 2954 622 3005 Firdansinnr
641 2952 691 3001 dici
712 2950 833 3000 Rastium
856 2950 964 3011 poetam
987 2945 1015 2995 ln
1038 2946 1119 2994 Mab-

184 3041 271 3094 mirdis
299 3045 464 3095 Gbaznevici
491 3045 557 3094 aula
588 3044 669 3093 vitam
694 3044 837 3106 degentem
859 3038 999 3100 scripsisse
1021 3038 1118 3087 librum

112 3153 115 3160 ·
181 3132 263 3186 nazar
280 3132 400 3201 nisinen,
420 3138 490 3186 unde
507 3131 631 3185 Masddio
649 3135 841 3198 qninquaginta
864 3132 942 3180 annis
966 3132 1049 3179 antea
1069 3127 1117 3177 vi·

180 3226 255 3274 venti
272 3226 396 3288 cognitus
414 3238 475 3275 esse
492 3226 653 3290 nequiverit,
672 3225 729 3274 eins
751 3223 911 3276 sententiam
925 3233 989 3270 'non
1011 3218 1115 3281 probat.

181 3319 238 3366 lam
256 3318 317 3367 solo
334 3331 369 3366 ex
385 3319 495 3367 historia
511 3319 571 3367 libri
590 3319 695 3366 Kalilnlr
711 3319 744 3365 ab
762 3317 819 3378 ipso
841 3314 976 3363 illustrata
998 3312 1117 3372 constat,

69 3426 76 3435 ·
181 3421 260 3470 qnam
278 3421 361 3468 saepe
379 3411 448 3458 tales
465 3410 525 3458 libri
551 3408 692 3458 retractati
708 3407 769 3469 sint,
786 3405 911 3464 inrorlnris
929 3401 1056 3464 al’ersis,
1075 3404 1120 3459 qui

182 3511 232 3547 eos
250 3512 284 3548 ex
301 3500 417 3548 Arabica
433 3501 460 3548 in
476 3511 552 3548 snam
569 3499 688 3561 lingnam
706 3499 794 3547 denno
812 3493 1016 3544 transtulerunt.
1043 3491 1118 3539 idem

181 3588 251 3638 libro
270 3585 307 3652 mj
331 3591 448 3639 noctium
466 3590 589 3639 accidere
607 3588 701 3652 potuit,
718 3590 747 3636 et
763 3584 859 3634 accidit
875 3593 991 3645 reuera,
1020 3577 1044 3629 si
1063 3591 1118 3630 nn·

184 3684 246 3730 stra
263 3681 296 3728 de
313 3681 405 3730 ludica
422 3680 480 3731 eius
497 3679 602 3742 origine
617 3675 753 3728 sententia
768 3672 857 3724 stabit.

127 3802 163 3858 a)
181 3810 206 3861 1».
225 3796 268 3848 47.
