2474 4500
442 324 673 391 *tw-

140 512 250 579 nean
268 507 519 591 arithmeticam,
555 508 648 571 eninr
675 506 858 572 inventores
886 506 957 571 Indi
982 525 1060 590 prae

73 618 391 704 deprendam,
412 615 587 681 artificiosa
607 633 810 677 numerorum
839 613 1061 697 designatione

74 708 220 813 cedomi,
240 729 280 791 ab
302 726 341 791 iia
362 745 426 789 uua
446 743 518 788 cum
535 743 736 787 numerorum
744 725 849 808 signio
866 730 1060 805 aeceperunt

72 832 188 897 Arabes
209 850 346 914 eamque
371 831 570 915 disciplinam
599 840 765 895 auctorum
793 834 874 895 bene
902 848 1061 895 memoras

72 937 540 1028 mustautcnuomineffqul
559 922 669 1022 qia-32
689 939 880 1023 insigniunt,
918 956 980 1021 quo
1008 939 1063 1001 in-
1142 959 1146 969 ⁸

68 1041 202 1129 diedesi
222 1065 312 1127 multi
341 1064 382 1126 de
409 1082 448 1127 ea
477 1064 587 1151 lilrros·
607 1063 777 1144 scripsere.
819 1065 948 1128 Primus
981 1065 1062 1128 Mu-

25 1222 29 1237 .
66 1172 207 1259 lammeri
230 1174 293 1235 ben
312 1168 424 1254 Minoi,
446 1180 481 1234 ut
502 1189 600 1252 snpra
621 1170 737 1233 dietum
760 1180 822 1254 eet,
845 1169 886 1233 de
906 1190 948 1235 aa
968 1189 1063 1235 corn·

65 1281 167 1362 poturit
188 1281 301 1342 librum
327 1299 348 1343 a
375 1278 517 1342 Rosenio
544 1286 620 1341 ante
650 1278 772 1360 aliquot
798 1296 904 1341 annon
931 1278 1062 1360 editum,
1122 1348 1126 1355 ¹

65 1406 121 1471 quo
141 1406 262 1451 revera
281 1387 435 1449 contineri
454 1384 603 1449 Indorum
623 1374 798 1449 doctrinam
819 1385 922 1449 editor
949 1396 1063 1448 osten·

64 1494 104 1560 dit
124 1517 168 1559 ex
188 1495 303 1559 eadem
323 1495 406 1576 apud
433 1503 589 1578 utrosque
617 1497 779 1558 sententia
804 1495 845 1558 de
865 1496 1064 1579 periplreriee

65 1611 94 1665 et
114 1602 263 1667 diametri
283 1597 436 1665 ratione.⁵
456 1603 544 1664 Num
567 1602 662 1665 etiam
683 1605 891 1685 geometriam
912 1605 953 1666 ab
975 1604 1063 1666 Indis

61 1713 194 1794 primurn
216 1712 410 1793 recoperint,
441 1731 484 1774 ex
503 1719 651 1772 veterum
678 1713 867 1777 testimoniis
895 1711 1065 1794 hucusque

60 1838 122 1881 non
143 1829 271 1882 erutum
292 1827 360 1898 est3
400 1836 471 1881 eum
492 1826 613 1880 vocant
637 1818 794 1906 ml,
838 1817 924 1900 quod
949 1838 1066 1881 nornen

59 1951 162 2007 nrum
184 1950 222 2004 nt
239 1944 352 2005 volunt
372 1963 416 2006 ex
443 1943 578 2005 Persica
607 1941 714 2003 radice
721 1943 816 2047 §M
845 1941 989 2039 ollicturn
1009 1942 1063 2025 nit,

58 2087 99 2133 aa
119 2067 164 2131 ad
184 2067 293 2141 Indiae
313 2088 429 2131 nornen
446 2081 519 2138 M
539 2067 658 2130 alludat
672 2088 736 2130 uon
757 2069 874 2148 liquel;
914 2066 973 2128 sed
989 2038 1065 2129 ¹lot·-

53 2202 153 2257 eonon
173 2195 270 2256 etiem
291 2195 415 2257 Persae
436 2212 507 2256 eum
528 2193 651 2256 nonnisi
672 2212 717 2256 ex
743 2192 832 2255 ludia
861 2199 1063 2274 acceperunt.

54 2304 110 2367 De
142 2304 220 2366 libro
246 2303 371 2365 musico
400 2302 535 2384 Biydlar
569 2302 695 2365 aliunde
730 2320 793 2363 non
822 2302 943 2382 habeo,
982 2319 1066 2381 quoe

51 2408 192 2491 adohnr3
235 2419 324 2472 recte
351 2410 549 2491 interpretati
581 2417 657 2470 aunt
688 2427 803 2470 nomen
840 2427 898 2488 per
924 2407 1066 2468 fructum

54 2521 231 2602 scientiae,
252 2539 324 2582 narn
347 2521 509 2602 exprimit,
538 2528 573 2582 ut
598 2518 833 2580 Celebrookius
858 2517 922 2578 iam
950 2517 1068 2578 obcer-

51 2628 164 2712 vovit,
185 2630 378 2691 sarrskritum
399 2632 530 2702 firm

146 2753 277 2833 Restat,
285 2762 320 2815 ut
329 2752 503 2814 disseratur
515 2750 555 2811 de
568 2749 678 2810 Katka
686 2758 882 2828 astronomo,
897 2747 950 2827 qui
959 2747 1068 2808 inloeo

49 2858 158 2920 citato
178 2858 364 2921 nominatur.
385 2858 513 2919 Nomen
533 2857 628 2919 eliam
650 2856 740 2919 aliter
757 2857 912 2936 scripturn
934 2855 1067 2936 legitur,

49 2965 160 3045 vulgo
180 2956 341 3027 Konkah⁶
360 2966 414 3026 vel
435 2964 576 3026 Kaukon.
619 2963 720 3045 Eum,
756 2972 791 3026 ut
818 2961 959 3043 tradunt,
982 2959 1069 3021 enti·

37 3194 41 3200 -
76 3164 112 3220 ³)
133 3160 174 3209 cl.
191 3159 267 3226 Hag'i
284 3164 372 3216 Klrnlf.
402 3165 422 3211 l.
445 3175 470 3222 p.
498 3165 545 3215 68.
578 3164 680 3212 Forma
697 3151 822 3251 549)ss
855 3177 934 3226 quam
963 3162 1071 3211 exhibet

128 3242 257 3311 omines,
276 3245 353 3298 unice
371 3252 448 3298 reeta
466 3253 518 3311 est,
537 3253 566 3299 ut
584 3250 701 3298 lnclleum
728 3248 889 3298 vocabulum
913 3250 1011 3312 docet,
1043 3250 1071 3294 et

123 3334 225 3397 abinoe
238 3339 418 3389 restituenda.
452 3342 482 3388 ln
507 3341 585 3391 codd.
610 3341 782 3390 multifariam
809 3342 939 3400 corrupta
962 3342 1013 3387 est.
1038 3338 1071 3386 ef.

129 3440 203 3478 verr.
220 3429 283 3480 leet.
300 3433 335 3479 nd
353 3426 458 3483 Masdd.
471 3446 497 3494 p.
507 3435 531 3481 o.
548 3433 637 3483 Etiam
654 3436 725 3497 apud
742 3430 952 3495 neg'ixnaltan
969 3429 1072 3492 legitur

235 3527 244 3588 Ι
266 3529 271 3541 .

75 3641 112 3707 4)
130 3549 265 3707 ἵζω
282 3647 317 3696 el.
335 3651 430 3699 annot.

77 3738 115 3792 ὅ)
134 3736 190 3786 'l'lre
207 3738 321 3801 ulgebra
338 3741 369 3788 ol
383 3742 422 3788 M.
440 3741 463 3789 lr.
474 3742 511 3792 Μ.
528 3741 616 3791 hond.
635 3739 716 3789 1331.
738 3742 769 3791 8.
783 3752 813 3802 p.
828 3735 874 3790 rt.

82 3829 120 3884 6)
137 3825 217 3876 lietb.
237 3840 260 3880 a.
280 3843 305 3887 y.
324 3827 435 3881 Kenker
451 3835 479 3882 et
495 3824 572 3897 llag'i
590 3831 691 3881 Klralla
706 3830 736 3880 11.
753 3841 816 3881 mox
832 3829 853 3884 1.
