2474 4500
511 336 716 379 *tx-

197 496 352 559 Ceterum
382 495 458 560 data
491 499 555 561 bac
606 500 778 561 occasione
803 564 806 568 ,
819 519 924 582 pauca
963 501 1005 563 ad
1044 520 1117 564 eam

116 607 410 669 commentationem
437 606 653 669 illustrandam
686 610 861 688 annotabo,
896 628 978 690 quae
999 617 1114 690 posteo

113 713 191 774 iuter
212 712 385 793 legendnm
407 731 445 773 se
467 712 656 790 obtulerunt.
698 713 778 793 Peg.
802 713 1007 776 turnucum
1028 732 1123 775 mer-.

113 827 256 884 caturam
276 820 309 880 in
331 818 455 881 Omina
476 820 724 881 urbe-floruisse
748 820 822 882 dixi.
843 821 1010 898 Quomodo
1055 838 1117 882 anc

113 927 280 1001 omiserint,
295 927 507 1006 Ominenses,
529 936 636 990 narrat
657 947 700 989 ex
720 929 861 989 Arabico
883 820 1119 1010 quodamffio-

112 1031 246 1114 grapho,
270 1051 364 1112 quern
385 1054 443 1113 pro
466 1053 554 1095 more
575 1053 634 1095 suo
656 1036 782 1096 minime
803 1034 960 1097 laudando
986 1057 1028 1097 ne
1055 1055 1118 1097 uno

113 1136 238 1218 quidem
259 1138 360 1211 verbo
383 1139 561 1220 accuratius
583 1137 731 1220 designat
748 1141 940 1202 Seetzenius
963 1142 994 1201 in
1012 1140 1115 1203 Zach.

115 1243 250 1304 Monatl.
273 1243 541 1324 Correspondonz
562 1245 637 1306 XX.
658 1264 689 1325 p.
711 1243 772 1306 3⁶21
795 1247 845 1307 his
862 1247 986 1307 verbis:
1007 1247 1117 1328 „Olim

116 1367 220 1411 naves
254 1347 456 1425 Omdnenses
487 1350 585 1413 Sinas
620 1333 792 1434 petiisse,
819 1370 882 1433 qrra
914 1352 1120 1434 navigatione

114 1470 196 1538 nmrc
219 1452 415 1533 abstineant,
448 1453 512 1515 hac
534 1452 574 1513 de
596 1472 705 1516 causa.
734 1452 992 1521 Gubernatorem
1014 1474 1119 1535 quen-

116 1559 188 1622 dam
215 1561 321 1621 insula
346 1561 415 1622 Kbs
445 1561 477 1621 in
505 1563 584 1623 mari
614 1564 743 1625 Persico
771 1585 870 1646 prope
895 1566 1030 1628 Maskat
1057 1567 1118 1628 sita

117 1669 185 1750 (est
208 1667 320 1759 eadem
344 1688 427 1750 quae
448 1669 526 1729 alias
548 1669 640 1758 0225
663 1672 715 1730 vel
738 1675 821 1760 w<
853 1671 961 1753 audit,
997 1672 1036 1733 de
1058 1690 1120 1751 qua

117 1793 256 1864 omnium
285 1793 385 1855 instar
413 1795 456 1858 ef.
490 1795 599 1856 Abulf.
630 1795 709 1857 'lala
740 1796 832 1856 XVI.
861 1818 889 1876 p.
925 1797 998 1858 270.
1035 1814 1121 1858 vers.

116 1897 229 1960 lleislr.
252 1900 434 1982 Biisohingl
456 1903 590 1980 potitum
613 1920 688 1962 esse
709 1903 816 1981 ibique
838 1903 979 1963 classem
1002 1902 1119 1965 aedili-

67 2036 71 2047 ι
116 2021 230 2084 casse,
275 2023 338 2084 qua
368 2025 470 2066 naves
502 2025 522 2066 a
556 2007 762 2086 navigatione
803 2010 833 2069 in
877 2008 997 2079 Indiam
1029 2009 1123 2069 insti-

102 2113 234 2179 ,tuenda
255 2123 389 2175 arceret.
432 2116 540 2194 Ipsum
563 2117 594 2175 in
615 2115 739 2177 Indiam
763 2126 795 2176 et
828 2118 978 2196 imprimis
1000 2117 1031 2177 in
1053 2124 1122 2180 ter.-

118 2243 183 2286 ram
204 2223 415 2304 Namerunah
448 2223 591 2302 (videtur
614 2245 689 2287 esse
711 2227 839 2324 wli,
862 2225 902 2285 do
925 2245 987 2307 qua
1006 2227 1123 2305 pluries

118 2349 188 2431 egi)
199 2350 387 2439 navigasse,
407 2351 497 2412 cuius
508 2349 619 2410 incolis
632 2350 747 2412 bellum
761 2350 884 2423 inferat.
897 2351 1121 2425 'l'alesnaves,
1227 2347 1231 2361 '

118 2457 278 2518 szimmiat
287 2467 423 2519 vocatas
429 2500 440 2539 ,
453 2477 494 2518 ex
506 2475 567 2519 uno
576 2457 663 2537 ligno
672 2457 880 2518 confecisset
892 2466 1018 2518 centum
1027 2457 1124 2536 quin-

116 2561 389 2643 quagintanautas
399 2569 576 2644 portantes,
587 2581 659 2622 eum
676 2559 843 2640 possidere
858 2554 1124 2641 quinqrraginta.“

120 2669 193 2747 0¹¹⁰
215 2677 359 2748 ῑθῑΰΡῡῐθ
379 2667 411 2729 id
433 2667 555 2754 factum
582 2667 637 2749 sit,
668 2685 797 2748 prorsus
819 2666 914 2727 latet,
934 2701 975 2710 -
1003 2669 1055 2729 De
1084 2667 1127 2727 li..
1230 2673 1234 2680 ’

118 2776 245 2837 brorum
277 2774 331 2855 mj.
364 2775 504 2837 noctium
522 2783 555 2836 ct
580 2782 706 2854 septem
727 2777 907 2836 vezirorum
930 2776 1051 2856 origine
1066 2776 1124 2834 In-

121 2879 191 2943 dica
226 2900 327 2960 nuper
363 2880 467 2942 fusius
496 2882 625 2962 scripsit
653 2882 696 2943 V.
717 2883 757 2943 1).
779 2882 1003 2943 lioiseleur
1023 2881 1127 2941 Des-

120 2988 394 3072 longchamps
416 2990 540 3054 duabus
563 2990 898 3069 commentationibus,
926 2991 1028 3051 altera
1056 2987 1129 3054 edi-

121 3099 195 3161 tioni
222 3097 265 3178 mj
296 3088 453 3179 noctium,
484 3118 568 3179 quae
597 3100 627 3159 in
660 3101 850 3161 collectione
878 3100 996 3178 {ampla
1031 3100 1129 3160 Poro·-

122 3208 217 3268 toton
253 3209 405 3269 litteroire
441 3209 594 3289 inscripta
624 3208 751 3290 prodiit,
791 3210 981 3287 praemissa,
1029 3207 1127 3267 alteru

125 3317 261 3378 seorsim
285 3316 388 3378 edita:
411 3318 479 3378 Sor
500 3319 547 3378 les
563 3319 668 3398 selles
681 3321 864 3377 Indr‘emtes.
889 3318 1128 3378 paramese.

126 3424 161 3484 ln
184 3425 300 3505 quibus
319 3424 350 3485 id
372 3426 572 3506 potissimum
590 3425 764 3506 spectavit,
788 3433 821 3485 ut
839 3426 938 3504 ampla
952 3422 1131 3504 eruditione

125 3533 271 3612 singulas
297 3535 494 3594 narrationes
524 3533 635 3612 quales
667 3532 843 3593 in'nostris
872 3531 957 3591 libris
986 3537 1131 3613 exstant,

126 3656 197 3700 cum
216 3639 255 3699 iis
278 3648 489 3720 compararet,
512 3657 593 3719 quac
614 3656 700 3699 nunc
723 3658 761 3709 ex
779 3639 922 3699 fontibus
935 3637 1052 3699 lndieis
1066 3657 1131 3698 nou

127 3747 175 3807 bis
203 3747 414 3809 innotuerunt.
456 3749 509 3810 Ex
541 3747 591 3808 his
630 3747 716 3806 libris
733 3745 798 3806 vidi
805 3788 816 3825 ,
848 3744 895 3804 Ill.
927 3745 1129 3807 Scrrnuonmr

129 3854 440 3936 commentationem,
464 3872 558 3935 quam
581 3873 633 3914 me
655 3851 922 3920 manuscriptam
942 3859 1063 3913 tautum
1077 3849 1128 3909 lo-
