2474 4500
572 314 778 373 ..m-

227 451 233 463 a
300 444 308 471 a

177 502 274 583 stirps
293 504 326 563 in
343 500 503 563 lllakrdna
523 499 612 581 petiit
631 496 770 580 asylum,
793 492 876 556 unde
899 492 1028 553 saecule
1058 498 1170 571 quarto

177 609 299 671 decimo
320 608 450 671 turbidis
471 608 665 689 temporibus
687 605 735 668 usi
764 619 937 686 prorupere
961 615 1001 661 ac
1027 621 1115 665 nova
1140 602 1171 665 in

178 716 290 781 Sindia
308 735 411 799 regna
432 713 623 777 condidere¹.
653 711 819 774 M⁷blurdo
849 709 1000 794 quidem²
1027 711 1170 773 Indicum

174 826 295 887 Alorae
318 842 430 907 regem
459 831 683 885 commemorat
712 821 796 882 Dillu
831 807 937 903 Rag'a
964 822 1172 903 nominatum,

176 953 272 1016 quem
298 936 394 995 certis
425 933 465 996 de
492 932 662 995 rationibus
684 931 756 993 alibi
777 929 837 991 sibi
865 927 1060 1009 exponendis
1088 948 1171 993 anno

175 1034 239 1105 140
261 1041 339 1121 (inc.
359 1043 412 1107 24.
431 1042 508 1104 Μαί.
528 1042 605 1117 757)
624 1041 749 1103 vixisse
770 1038 906 1101 aflinnat
916 1084 926 1119 ,
952 1037 1012 1101 sed
1030 1039 1095 1101 hoc
1113 1058 1173 1121 per

175 1149 301 1211 severi
322 1168 385 1211 non
405 1150 507 1211 simile
529 1168 567 1210 eo
587 1148 755 1231 refutatur,
777 1144 863 1227 quod
884 1146 915 1207 in
937 1147 1007 1208 eius
1030 1145 1165 1209 historie

173 1262 282 1334 partes
302 1256 371 1338 agit
389 1250 569 1337 negotiator
592 1252 697 1316 Arabs
721 1254 795 1315 Saif
811 1253 929 1315 almullr
945 1251 1069 1336 dictuS,
1097 1272 1171 1317 nam

173 1362 235 1421 iam
257 1368 333 1421 tuuc
352 1360 540 1442 negotiatori
559 1358 652 1421 alicui
673 1358 737 1420 tale
758 1376 872 1419 nomen
896 1358 999 1419 fuisse
1021 1375 1043 1419 a
1063 1358 1169 1419 nemi-

173 1489 250 1531 num
271 1470 477 1532 Arabicarum
498 1470 620 1531 ratione
642 1468 801 1548 abhorret,
823 1474 856 1528 et
877 1467 1037 1529 fictionem
1054 1467 1171 1551 arguit.

172 1577 325 1639 Publicus
347 1583 380 1637 et
402 1574 597 1638 domesticus
625 1574 754 1636 Sindiae
784 1575 844 1636 flos
856 1619 867 1657 ,
901 1575 963 1637 nisi
990 1556 1186 1637 deminutus*

174 1696 244 1771 est,
271 1707 291 1749 a
310 1687 450 1770 pristinis
470 1688 581 1749 incolis
603 1684 643 1747 ad
664 1685 790 1747 Arabes
811 1688 983 1747 translatus
1004 1694 1075 1768 est,
1118 1686 1171 1768 qui

172 1803 208 1857 ut
228 1812 281 1855 res
302 1794 365 1855 fert
385 1794 488 1856 omnia
510 1798 714 1871 occuparunt.
736 1790 800 1868 Qui
815 1791 905 1869 primi
920 1790 962 1851 ibi
978 1790 1168 1852 domicilium

173 1900 379 1983 collocarunt,
400 1902 439 1962 iis
455 1902 565 1991 largus
586 1917 665 1981 ager
691 1899 875 1981 assignatus
898 1906 963 1979 est,
994 1898 1089 1961 etiam
1107 1916 1170 1980 po-

172 2016 244 2070 stea
264 2009 353 2071 multi
373 2008 404 2069 in
424 2007 588 2087 provincia
609 2006 823 2068 considebant.
845 2007 919 2068 Alia
938 2007 1024 2069 haud
1042 2007 1170 2069 minima

171 2114 260 2177 fundi
285 2135 361 2198 pars
389 2125 455 2178 tum
475 2117 545 2196 ipso
569 2116 812 2197 expugnationis
833 2124 994 2199 tempore,
1026 2125 1092 2178 tum
1112 2135 1169 2199 per

171 2222 232 2283 tria
252 2224 395 2304 proxima
424 2223 557 2285 saecula
582 2222 733 2283 institutis
764 2223 865 2282 sacris
892 2220 1059 2285 fundandis
1088 2241 1168 2286 con·

171 2338 299 2411 sumpta
327 2338 396 2413 est,
436 2348 568 2411 quorum
596 2330 687 2411 plura
714 2329 881 2390 etiamnum
910 2330 1069 2392 exstantia
1095 2329 1167 2393 inde

172 2436 326 2517 originem
355 2428 548 2495 deducuut3.
589 2434 728 2495 Veteres
755 2434 878 2497 incolae
912 2438 1052 2517 repressi
1080 2444 1165 2521 sunt,

170 2545 201 2608 id
224 2544 307 2627 quod
328 2563 390 2605 non
409 2544 575 2628 prohibuit,
598 2546 764 2625 quominus
787 2565 898 2609 eorum
918 2547 1026 2628 lingua
1047 2547 1164 2630 ubique

170 2650 346 2745 maneret&
388 2656 515 2718 Arabes
543 2675 669 2738 semper
698 2660 737 2720 ab
758 2658 798 2720 iis
825 2678 863 2721 ae
892 2660 971 2722 satis
999 2660 1165 2723 discerne-

169 2766 254 2827 bant.
295 2765 467 2846 Ingentes
496 2784 553 2846 per
580 2764 707 2828 deserta
734 2776 895 2849 vagantes
916 2756 1056 2833 fortasse
1081 2789 1166 2832 nun-

169 2892 266 2955 quam
286 2873 451 2955 imperium
473 2875 659 2959 habuerunt,
682 2893 743 2937 nec
762 2877 823 2937 nisi
844 2896 901 2957 pro
931 2877 1079 2940 hostibus
1112 2896 1167 2941 eas

169 2988 354 3042 tractarunt.
376 2982 451 3062 Ipsa
472 2981 504 3040 in
525 2979 635 3042 Sindia
656 2999 773 3042 servos
795 2981 942 3045 Sindicos
971 3003 1065 3065 quam
1093 2986 1167 3069 plu-

169 3086 266 3148 rimos
295 3086 440 3147 aluerunt
448 3080 471 3148 ⁵.
509 3085 652 3147 Fuerunt
673 3094 778 3148 tamen
799 3085 840 3147 ad
860 3088 929 3149 Indi
948 3090 1048 3170 ripam
1070 3092 1165 3155 etiam

169 3209 263 3273 reges
284 3190 446 3252 Arabibus
466 3210 529 3251 non
556 3189 682 3277 subditi,
704 3199 737 3254 at
759 3209 867 3254 eorum
893 3195 1057 3274 praefecto
1083 3215 1165 3287 pape

168 3307 202 3360 et
222 3298 351 3361 foedera
371 3298 477 3361 iuncti.
497 3298 661 3361 Discimus
683 3298 745 3360 lmc
767 3319 809 3360 cx
829 3303 1010 3364 narratione
1031 3303 1162 3369 'l'lraba-

168 3398 243 3491 rii⁶,
271 3406 438 3469 Abdallam
458 3406 521 3468 ben
540 3405 749 3469 lllulrammed
764 3408 883 3471 Alitam
903 3432 938 3473 re
950 3414 1034 3475 male
1052 3425 1160 3499 gesta,

176 3572 363 3597 ’.ιι-0*

186 3682 216 3742 l)
231 3686 266 3735 ef.
284 3686 404 3737 Burnesii
422 3688 611 3739 commentatio
640 3690 674 3739 de
697 3684 799 3751 Sindlu,
831 3692 957 3754 excerpta
983 3690 1011 3743 in
1032 3694 1163 3745 Auslund.

235 3776 316 3829 1838.
333 3782 389 3830 not.
408 3779 474 3835 1⁰9.
503 3782 534 3846 2)
553 3794 615 3843 pag.
632 3780 678 3830 26.
696 3780 741 3832 23.

184 3891 216 3950 a)
233 3890 367 3943 munao
382 3893 401 3942 1.
417 3894 436 3944 1.
448 3894 512 3945 aar.
526 3894 592 3944 an.
635 3896 667 3955 4)
683 3898 731 3947 ron
748 3898 853 3963 nanqar
870 3914 895 3963 ρ.
913 3903 958 3953 ao.
1003 3904 1035 3959 s)
1058 3880 1161 3965 olavu-
