2474 4500
546 273 588 286 ——
632 259 688 304 xiv
733 244 773 286 ³-

169 422 221 482 lric
238 422 269 482 iu
291 440 352 482 uno
373 422 549 498 subsistam
571 426 716 504 exemplo
737 442 839 504 eoque
860 424 964 503 magis
991 421 1032 485 ad
1059 421 1167 503 philu-

169 504 297 587 logiam,
321 521 416 584 quarn
438 504 479 565 ad
501 509 726 568 astronomiam
746 506 930 590 pertinente.
960 504 996 566 ld
1018 504 1172 583 praebent

171 588 334 667 signorum
355 585 483 648 zodiaci
504 590 640 672 uomina,
663 609 744 670 quae
765 595 874 668 aperte
901 588 1028 649 Arabes
1058 606 1122 648 uon
1152 604 1172 646 a

172 668 322 748 Graccis,
345 667 404 729 sed
425 670 465 730 ab
495 670 582 732 Indis
622 672 755 734 mutuati
791 680 882 748 sunt3
924 671 1052 731 Arabos
1078 669 1172 749 enim,

172 752 225 815 ubi
244 753 370 831 utrique
399 751 610 835 dissentiunt,
654 755 753 817 ludos
785 762 967 833 sequuntur.
1011 752 1174 831 Aquarius

172 835 251 914 ipsis
272 835 427 912 amphora
458 844 521 916 cst,
531 838 649 926 jair,
692 845 727 898 ut
755 836 841 897 indis
861 858 943 931 gar,
987 835 1176 916 sagittarius

173 936 414 1022 arouowryill,
437 942 470 995 ut
537 980 545 1012 ,
572 953 633 999 nec
656 935 736 996 duos
759 935 866 1014 pisces
888 937 1087 1015 agnoscunt,
1118 928 1178 991 sed

174 1052 289 1117 unum,
322 959 581 1122 ··J25,111di3:r·
622 1033 740 1094 Eorum
762 1031 921 1092 nominum
942 1028 1026 1111 apud
1047 1029 1177 1090 Arabes

175 1134 256 1195 ratio
277 1132 359 1192 haec
381 1144 442 1213 est,
466 1142 500 1193 nt
522 1135 617 1194 etiam
639 1131 785 1195 Graecas
816 1130 1056 1212 designationes
1079 1127 1175 1189 adhi-

176 1217 285 1297 beant,
307 1223 340 1275 at
362 1218 534 1296 rarissime,
560 1224 592 1276 ct
614 1233 774 1294 nunquam
795 1214 826 1273 in
856 1213 959 1295 signis
990 1213 1069 1290 ipsis
1096 1209 1180 1273 indi-

177 1298 298 1360 candis.
341 1297 447 1359 Huius
475 1298 521 1359 rei
554 1306 704 1378 tanquam
739 1297 931 1376 locupletem
964 1303 1080 1355 testem
1116 1293 1180 1355 cito

176 1383 281 1461 ipsum
300 1377 458 1441 ldelernm
479 1382 510 1441 in
537 1380 615 1441 libro
642 1378 725 1440 laud.
753 1398 783 1458 p.
818 1379 885 1440 185.
914 1376 983 1438 196.
1011 1375 1086 1436 204.
1130 1377 1177 1437 lta

178 1461 422 1558 Allarghinius‚
445 1463 662 1525 Ptolemaicae
685 1461 846 1523 doctrinae
868 1468 1021 1542 sectator,
1045 1459 1183 1523 ubicun-

179 1564 240 1626 que
262 1544 446 1625 signiferum
468 1553 707 1626 commemorat,
730 1564 791 1605 non
815 1541 1183 1626 Graecis,sed1udieis

178 1628 239 1690 illis
262 1627 439 1689 nominibus
461 1628 568 1690 utitur.
610 1629 679 1690 Res
701 1627 852 1707 explicari
879 1646 943 1691 nou
970 1636 1093 1711 potest,
1122 1627 1184 1689 nisi

180 1718 351 1791 statuatur,
373 1719 450 1772 tuno
471 1731 568 1792 quum
589 1713 784 1777 astronomia
806 1709 935 1776 Graeca
953 1713 1183 1791 innotesceret,

181 1793 307 1855 nomina
328 1793 437 1857 ludica
457 1794 520 1860 iarn
542 1797 585 1861 ita
607 1799 725 1861 usitata
745 1799 858 1876 fuisse,
889 1804 924 1857 ut
952 1795 1029 1875 pelli
1063 1793 1182 1874 nequi-

181 1883 260 1938 rent.
305 1877 381 1958 lpse
402 1878 550 1944 Idolorus
571 1884 602 1942 in
625 1883 704 1943 libro
727 1899 798 1962 sno,
821 1899 913 1961 quem
923 1877 1062 1957 scripsit,
1084 1894 1184 1956 quum

181 1960 240 2020 vix
261 1978 345 2024 unns
366 1966 419 2025 vel
440 1969 518 2028 alter
541 1966 571 2026 iu
595 1966 714 2027 uostris
742 1962 925 2045 regionibus
956 1959 996 2020 de
1024 1957 1187 2019 sanskrita

182 2044 292 2129 lingua
314 2049 483 2131 cogitaret,
506 2055 581 2128 post
604 2048 806 2128 scaligerum
833 2046 953 2105 frustra
979 2043 1031 2103 illa
1060 2041 1188 2101 uomina

183 2132 346 2211 explicare
367 2133 511 2193 tentavit.
554 2132 693 2192 Dubium
715 2137 822 2189 autem
843 2134 999 2204 nonest,
1029 2125 1104 2204 quin
1134 2123 1186 2182 si·
1214 2143 1217 2150 ¹

184 2213 250 2274 mul
272 2229 344 2272 cum
367 2213 524 2295 signifero
547 2213 632 2274 illum
654 2218 868 2272 nunatrurum
892 2209 1018 2286 orbem,
1051 2206 1106 2287 qui
1128 2207 1187 2265 ln-

185 2295 234 2356 dis
257 2295 403 2376 proprius
425 2304 488 2378 est,
519 2298 558 2356 ab
589 2296 630 2356 iis
659 2293 870 2375 cognoverint
898 2290 1035 2352 Arabes.
1083 2288 1189 2366 Quem

185 2377 246 2438 nisi
266 2377 328 2438 iam
349 2397 481 2458 prorsus
504 2378 563 2439 sibi
586 2375 829 2452 vindicaverint,
855 2371 910 2453 qui
931 2372 1001 2432 lieri
1019 2372 1129 2453 potuit,
1154 2378 1190 2431 nt

187 2479 259 2521 cnm
290 2456 439 2522 Graecae
469 2460 634 2521 doctrinan
663 2458 911 2536 immiscuerint,
946 2454 978 2516 id
1004 2453 1091 2534 quod
1126 2453 1191 2514 iam

187 2539 353 2604 Mirmrinis
385 2551 529 2623 ternpore
558 2543 597 2603 ab
628 2540 851 2622 Alfargluiniu,
880 2536 1058 2601 Ptolemaei
1086 2536 1193 2616 epito-

190 2632 321 2706 matore,
344 2625 550 2686 factumosso
571 2623 729 2686 videmus
752 2657 794 2669 η
813 2623 996 2682 Hoounum
1010 2617 1108 2700 addo,
1132 2636 1193 2679 cu·

189 2723 260 2787 dem
282 2722 376 2784 morlo
398 2723 473 2785 mihi
494 2724 590 2784 otiam
610 2743 725 2785 nomen
747 2722 946 2803 geminorum
967 2707 1059 2817 elffii
1088 2717 1194 2799 expli·

190 2822 324 2886 candum
345 2823 459 2908 videri,
483 2825 567 2904 quod
582 2833 690 2904 aptam
704 2821 932 2904 etymologiam
940 2822 1114 2882 Arabicam
1129 2836 1193 2877 non

189 2909 331 2988 praebet.
374 2906 462 2968 ludis
482 2927 543 2968 non
567 2915 644 2968 sunt
664 2903 793 2986 gemini,
816 2903 876 2964 sed
903 2903 1000 2963 maris
1030 2912 1064 2964 et
1096 2898 1195 2963 lemi-

190 3008 252 3051 uae
273 3008 345 3069 par:
366 2993 482 3086 ἣξεις,
505 2988 590 3050 unde
611 2991 674 3050 iam
696 2988 769 3049 olim
793 2986 868 3048 milri
891 2987 922 3046 in
943 2992 1082 3047 mentem
1093 2983 1195 3063 vonit,

190 3086 267 3149 illud
287 3074 372 3190 tffil
393 3106 469 3150 esse
497 3109 555 3170 pro
575 3093 699 3194 tyn-tl,
715 3118 718 3122 ·
736 3087 822 3170 quod
851 3107 871 3148 a
900 3086 1009 3148 radice
1030 3090 1081 3200 gij
1110 3081 1198 3144 deri-

192 3186 331 3248 vandum
364 3186 497 3251 eandem
531 3208 603 3252 curn
638 3196 745 3258 indico
777 3196 902 3256 nomine
931 3186 1197 3272 significationem

192 3270 347 3331 habuisse
367 3279 484 3351 potest.
529 3276 619 3335 'lunc
642 3280 769 3357 quidem
792 3275 911 3356 aliquid
934 3273 1020 3336 dubii
1041 3266 1198 3347 restabat,

194 3352 314 3414 certius
336 3365 442 3417 autem
464 3358 548 3418 nnnc
569 3356 653 3422 hanc
673 3362 887 3424 coniecturam
910 3373 1071 3440 propono,
1103 3354 1200 3430 post-

195 3456 291 3518 qusrn
313 3439 415 3500 simile
438 3439 604 3502 incudem
627 3446 728 3505 verbo
749 3442 855 3504 inveni
880 3440 1063 3517 exemplum
1092 3433 1123 3493 iu
1145 3426 1199 3508 mj.

195 3521 335 3583 noctium
363 3522 646 3586 llsbichtisnarnm
673 3526 737 3589 vul.
769 3525 860 3586 Vlll.
891 3523 932 3585 cf.
962 3519 1089 3595 Gloss3
1134 3512 1199 3575 alia

196 3602 306 3679 habet,
330 3623 423 3684 quem
446 3607 474 3665 is
497 3604 615 3691 laudat,
638 3608 788 3688 Dombay
810 3593 1200 3670 Grammlllauro-Aralr.

195 3703 227 3765 p.
249 3684 279 3744 7.
322 3686 375 3747 Ad
397 3687 525 3750 radices
547 3688 592 3751 ita
613 3687 831 3753 deflectendus
860 3691 900 3751 ab
923 3687 1044 3767 origine
1074 3680 1205 3761 liugrras

198 3767 374 3830 Semiticac
411 3778 487 3832 sunt
513 3790 706 3853 propensae;
729 3773 770 3833 cf.
793 3789 891 3858 d»,
917 3786 1008 3883 zm,
1036 3765 1077 3827 al.
1097 3763 1205 3859 Prsa-

200 3873 288 3926 torsa
309 3865 391 3928 inter
412 3921 439 3984 ὃ
460 3878 493 3930 et
506 3902 526 3972 )'
548 3871 657 3933 literas
678 3867 834 3952 quaedam
857 3877 908 3933 est
931 3865 1092 3951 cognatio.
