2474 4500
596 296 803 357 „50-

195 486 304 545 lanae
318 480 514 558 habitabant,
535 489 569 540 et
585 480 616 540 in
628 480 705 540 urbe
719 479 856 540 Kaulam
869 479 1028 557 propriam
1039 477 1200 541 lrabebant

199 590 363 671 plateam.¹
380 587 609 650 lanathutha
626 586 722 648 urbea
743 604 803 647 suo
823 593 968 664 tempore
980 585 1021 647 ab
1035 584 1198 649 Arabilrua

193 699 296 758 oultau
304 696 443 757 nominat
457 695 532 756 han:
547 693 682 772 primum
690 694 855 772 Hannaur,
866 693 920 761 ubi
928 691 1098 755 Shafeitae
1106 702 1196 755 erant

193 812 312 866 ettnno
322 823 379 864 rex
388 788 560 866 Muslimus
572 802 741 886 regnabat,
758 788 979 863 G'amouddin
987 798 1195 861 Muhamrned
1230 870 1233 875 ¹

191 909 400 999 banldasarr,
421 909 581 971 adversus
605 927 708 991 quem,
734 925 925 987 quamquam
951 907 1038 986 regia
1063 905 1195 987 gentilia

191 1021 386 1096 agnosceret
406 1015 626 1096 principatum,
648 1021 767 1097 tamen,
789 1030 884 1093 quum
905 1011 1007 1092 oopiis
1028 1010 1194 1073 navalibru
1233 1074 1235 1079 ,

189 1130 307 1202 potens
326 1131 426 1206 auset,
456 1122 603 1184 Indorum
632 1121 736 1202 reguli
771 1121 985 1180 reverentiam
1019 1117 1192 1195 habebant3

189 1228 392 1310 Expeditioni
420 1230 488 1291 eius
520 1229 656 1290 feliciter
685 1235 797 1288 eontra
818 1223 1031 1287 Sinddbdram
1060 1225 1191 1287 insulam
1233 1254 1235 1259 ·

191 1337 299 1400 factae
319 1338 461 1400 interfuit
474 1339 532 1399 lbn
552 1336 729 1416 Bothutha3
759 1354 818 1395 rex
840 1334 1036 1397 eamdeindo
1056 1354 1115 1416 per
1134 1336 1192 1397 ali·

142 1466 146 1477 ·
190 1443 275 1537 quod
286 1452 410 1525 tempus
421 1445 582 1508 adversus
595 1463 706 1526 regem
730 1444 922 1528 indigenam,
939 1463 959 1506 a
982 1444 1095 1523 quoin
1116 1443 1191 1505 urbe
1213 1458 1235 1497 ’ἱ

193 1550 350 1612 obsessus
371 1551 558 1632 tenebatur7
575 1549 725 1611 defendit.
747 1549 871 1611 Deinde
885 1550 1026 1611 nominat
1037 1535 1189 1632 Mang'a-
1230 1540 1233 1545 ’

188 1653 262 1738 nir,
292 1674 387 1737 quarn
415 1656 526 1718 urbem
547 1657 715 1736 opulentes
741 1665 938 1718 mercatores
965 1657 1189 1719 Yamanensas

188 1771 223 1824 et
241 1763 363 1825 Persae
389 1763 621 1843 inhabitabant3
650 1782 801 1824 numerus
833 1771 1049 1825 mereatorum
1071 1763 1191 1825 Muell-

188 1884 311 1927 morum
343 1867 413 1927 sere
441 1875 576 1946 quatuor
604 1866 699 1927 millia
728 1866 899 1927 efficiebat.
942 1869 978 1929 ln
1005 1867 1095 1928 Haili
1115 1866 1192 1929 urite

189 1990 343 2055 magnum
355 1981 389 2034 et
404 1974 529 2041 oelebro
542 1973 702 2035 habebant
725 1975 891 2060 templum,
914 1976 967 2036 oui
987 1976 1101 2039 solrola
1119 1976 1192 2041 lite·

161 2160 166 2171 ¹
191 2098 295 2140 rarum
317 2079 525 2142 innotuerat.
546 2080 652 2142 Etiam
673 2099 773 2161 prope
783 2079 1053 2165 Pattan²urbem,
1075 2102 1193 2165 quam·

192 2205 287 2267 quam
322 2185 354 2246 in
385 2206 424 2248 ea
451 2187 535 2270 ipsa,
569 2188 770 2268 potissimum
802 2190 916 2270 quippe
950 2210 971 2252 a
1003 2192 1194 2255 Brahrnania

187 2293 290 2374 culta,
335 2292 461 2354 omnino
481 2313 546 2355 non
567 2295 789 2377 tolerarentur,
811 2298 962 2377 templum
974 2299 1192 2363 aedilloarant·

192 2501 413 2514 Q*—

166 2668 169 2673 .
205 2621 338 2720 1)8)l>,
357 2638 390 2684 de
410 2647 463 2697 quo
480 2635 668 2709 voeabulo'ot.
687 2640 762 2700 sacy
780 2639 843 2689 chr.
860 2652 900 2693 ar.
922 2645 965 2707 11,
986 2644 1048 2696 140.

200 2785 234 2843 m
251 2779 324 2869 (ᾧ.
340 2785 420 2843 Apud
437 2784 581 2845 Apetzlunr
597 2788 669 2837 male
686 2789 787 2853 legitur
803 2775 884 2870 &³5⁸
970 2756 974 2763 ’

202 2937 234 2992 ³)
250 2937 293 2983 lta
309 2937 384 2984 reete
401 2935 564 2986 vocabulum
580 2923 691 2989 aad&
709 2944 791 2992 vertit
808 2944 876 3008 Leo,
886 2955 1028 3006 perperam
1036 2956 1087 3004 par
1098 2944 1192 2995 divor-

250 3040 326 3090 soria
341 3044 472 3092 transfert
488 3046 583 3106 Apetz.
654 3047 686 3105 4)
703 3050 770 3104 Leo.
787 3065 812 3114 p.
834 3051 895 3103 194.

191 3138 236 3229 ⁶5)
253 3171 336 3220 Plura
353 3173 386 3221 da
407 3174 456 3222 lrao
479 3186 510 3223 re
534 3188 619 3238 opera
639 3180 787 3242 composita
816 3186 896 3243 sunt,
914 3193 1026 3244 quorum
1044 3193 1098 3232 uno
1115 3172 1191 3233 2&

252 3262 411 3378 0209&
437 3300 686 3351 altowlandsonio
703 3303 730 3352 in
752 3303 895 3366 Anglieunr
918 3316 1073 3355 sermonem
1096 3318 1192 3369 verso,

251 3402 301 3452 etri
318 3404 361 3453 dlu
379 3417 397 3454 a
412 3418 456 3455 rna
473 3411 643 3472 exspectato,
661 3420 746 3470 aegre
764 3411 873 3459 tandem
889 3410 974 3463 oarnl.
999 3410 1128 3461 Eiusdem
1141 3424 1190 3462 ar-

250 3497 370 3559 gumenti
398 3502 440 3547 est
468 3498 537 3549 litor
554 3511 572 3548 a
598 3500 749 3549 zaineddin
771 3503 918 3553 Mukhdanr
934 3504 1050 3553 Aratloo
1072 3504 1190 3567 scriptur

250 3590 311 3648 post
327 3600 389 3649 ann.
407 3589 462 3637 987
480 3590 545 3648 (ino.
561 3590 605 3642 87.
615 3590 695 3639 Febr.
715 3591 809 3656 taor),
825 3593 901 3642 ouius
919 3594 1026 3643 titrdun
1039 3608 1096 3645 non
1111 3608 1190 3645 eorn-

249 3679 397 3741 memorat,
425 3676 470 3739 qui
492 3678 623 3739 quaedam
647 3680 681 3727 de
710 3691 744 3728 eo
772 3685 900 3743 excerpta
922 3682 1009 3747 dedit,
1039 3684 1190 3734 Dunoanna

252 3768 299 3817 Aa
317 3766 380 3815 Rae.
398 3766 437 3830 V,
455 3766 469 3816 1
488 3780 528 3829 en.
564 3766 715 3821 cheremon
731 3770 766 3821 tol
782 3773 975 3825 Munammedls
996 3780 1121 3837 ternpore
1144 3778 1188 3828 vl-
