2474 4500
397 306 652 371 --a-

8 490 10 499 '
49 491 1047 577 debellassedicitnr7qnod'l'ubbetamminoremspectarerectc

51 602 211 663 mnotavit
224 601 345 664 Wllso.
359 601 496 663 Persam
509 598 550 662 rlc
563 618 622 662 sno
638 601 721 664 haec
737 601 976 685 ita'explicasse
986 624 1049 687 ap·

55 714 148 788 paret,
170 706 358 787 praesertim
390 724 488 786 quum
504 705 653 767 'sortasse
675 716 709 770 et
736 708 805 789 ipse
834 729 875 772 eo
902 709 1048 773 offensus

54 818 146 897 esset,
169 810 437 892 quod²nusqmm
446 811 590 874 Arabum
609 815 727 877 mentio
748 815 952 879 inveniretur.
979 816 1049 883 Sed

56 918 119 982 talia
147 918 289 981 notanda
314 928 392 982 sunt
418 919 460 982 ad
480 932 601 984 morem
621 924 831 987 recentiorum
858 927 1048 1008 scriptorum

56 1028 155 1091 melius
170 1028 436 1110 cognoscendum
452 1036 486 1091 et
498 1027 540 1091 ad
552 1018 738 1093 iudicandas
750 1032 833 1095 tales
843 1036 1050 1114 narrationes,

61 1134 303 1216 qualos'l'odius
333 1143 368 1207 et
394 1135 448 1199 alii
473 1134 514 1199 ad
542 1144 686 1201 nostram
713 1140 856 1204 notitiam
883 1136 1049 1224 pertulere.

509 1466 543 1556 p.
563 1473 593 1534 a.

9 1714 13 1727 .
130 1657 169 1723 A'
177 1647 269 1741 parte
284 1659 555 1737 SindiaeArabes
573 1664 732 1728 bellicosis
750 1653 1048 1748 Rag'aputanorum

10 1810 37 1846 .·
65 1769 200 1847 gentibus
229 1770 371 1833 confines
392 1780 500 1857 erant,
522 1772 712 1853 quibuscum
734 1774 805 1837 lere
826 1773 950 1835 nonnisi
964 1790 1054 1835 mma

10 1941 14 1961 Ι
38 1906 41 1921 =
66 1877 226 1939 contulisse
246 1877 404 1940 videntur.
445 1880 509 1941 Per
530 1889 628 1942 totam
659 1881 740 1942 enim
760 1880 870 1943 Indiae
889 1881 1054 1943 historiam

10 2022 15 2059 2
66 1984 149 2049 bibus
188 1986 324 2049 bellicae
358 1987 557 2051 occidentem
591 1996 625 2050 et
660 1988 907 2069 septentrionem
938 2005 1055 2050 versus

10 2128 13 2157 ε
65 2093 215 2181 sederunt,
238 2105 275 2159 ut
293 2104 418 2178 portam
439 2097 543 2180 quasi,
564 2117 621 2178 per
641 2116 734 2179 quam
752 2096 898 2158 omnibus
913 2097 1055 2161 saeculis

63 2199 191 2287 inpetus
204 2203 341 2267 hostiles
354 2205 432 2267 moti
455 2212 542 2288 sunt,
560 2203 776 2289 defenderent,
798 2204 871 2267 (lum
886 2203 1056 2267 Brahmani

63 2310 204 2395 imprimis
224 2314 391 2376 interiores
413 2314 455 2378 ael
477 2312 626 2397 Gangem
648 2324 773 2379 tractus
793 2316 898 2399 magis
919 2334 1054 2378 securos

60 2415 245 2483 incolebant.
269 2420 390 2484 Contra
409 2431 557 2504 pacatam
577 2422 803 2504 rempublicam
821 2423 946 2485 Arabes
967 2424 999 2484 in
1016 2423 1056 2484 iis

62 2529 242 2613 regionibus
264 2528 480 2614 videbant71n
501 2549 582 2612 quas
602 2538 802 2593 mercaturae
828 2548 929 2594 causa
954 2550 1059 2592 vene-

61 2646 139 2701 runt.
165 2639 291 2701 Nativa
309 2639 560 2702 Semiterumrr
516 2638 672 2721 agilitate,
692 2657 774 2719 quae
790 2638 863 2701 olim
879 2638 1059 2701 Phoenices

58 2746 88 2809 in
118 2748 230 2809 ultima
250 2747 351 2809 maria
372 2746 518 2829 drrxerat,
540 2747 635 2809 etiam
654 2734 781 2807 Arabes
802 2745 936 2826 praediti
956 2751 1058 2825 erant,

60 2851 147 2935 iique
167 2862 272 2916 terrae
292 2870 374 2916 suae
395 2853 522 2915 bimaris
543 2853 607 2914 situ
627 2851 668 2914 ad
688 2850 878 2913 commercia
902 2867 975 2911 oum
990 2858 1060 2911 tra-

60 2960 163 3022 ctibus
186 2960 387 3022 orientalibus
409 2958 590 3021 exercenda
612 2957 703 3040 quasi
723 2956 883 3042 destinati,
906 2955 1061 3034 undenon

59 3068 172 3129 niirum
195 3074 268 3149 est,¹
283 3085 340 3128 eos
361 3087 418 3148 per
439 3066 544 3128 omnia
564 3064 633 3127 fere
652 3064 782 3127 saecula
809 3083 849 3125 eo
876 3070 1061 3144 perpetuam

60 3173 240 3237 instituisse
259 3175 496 3257 navigationem
518 3191 690 3255 earumque
718 3179 875 3234 terrarum
900 3172 1063 3254 cognitio-

61 3301 136 3345 nem
155 3283 219 3346 sibi
239 3300 375 3365 parasse
383 3274 405 3341 ⁶.
446 3282 563 3361 Neque
583 3281 673 3343 aliter
691 3280 812 3342 factum
834 3287 887 3340 est
908 3280 1062 3360 tempori-

62 3395 124 3457 bus
144 3400 223 3475 post
242 3393 427 3476 religionem
446 3399 617 3472 mutatam3
644 3389 728 3471 quod
752 3390 939 3472 prophetam
964 3407 1063 3470 prae-

76 3668 95 3717 5
129 3667 156 3716 V
184 3666 250 3714 ata.
277 3665 322 3713 20.

82 3670 115 3816 bb
134 3698 215 3820 llbg'i
232 3757 331 3806 lllralsn
347 3760 368 3806 l.
386 3759 422 3806 tc
439 3761 514 3807 reete
533 3759 567 3806 de
583 3755 730 3820 Arabibus,
758 3757 792 3805 ad
814 3754 900 3805 alnum
921 3754 1063 3807 Arabicum

127 3828 318 3916 narratoris:
337 3858 471 3946 0939
493 3847 652 3952 ephsau
679 3847 766 3932 citet
791 3849 943 3945 0350»,
966 3849 1064 3946 Uli:

865 4024 888 4087 3
