2474 4500
597 301 704 391 '‘'ae4
747 343 787 355 ..

193 510 265 553 rtem
284 494 413 575 secisse,
436 497 551 579 quippe
570 516 654 578 quae
674 496 795 558 inutilis
816 503 850 555 et
870 499 998 575 propter
1017 486 1191 549 indomitos

192 616 375 681 asperomm
396 606 547 667 montium
568 606 689 669 incolas
715 604 896 667 difficillima
917 600 1042 661 fuisset.
1083 596 1191 657 Prae-

192 709 340 790 termitto,
373 711 456 791 quod
484 715 625 797 tradunt,
663 714 853 777 Othmanum
878 708 1030 772 khaliiam
1063 705 1191 767 tertium

191 812 329 902 indiam,
349 818 381 878 in
402 838 495 899 quam
527 821 760 902 expeditionem
787 819 953 898 suscipere
982 813 1041 876 sibi
1068 831 1192 894 propo-

191 920 322 1002 suisset,
351 922 574 1004 explorandam
606 924 758 987 curasse¹
770 967 780 1005 ,
809 930 842 983 et
866 920 931 981 Alii
954 934 1079 1000 quoque
1104 915 1190 977 kh&-

191 1024 266 1089 lifae
288 1027 388 1090 (luces
410 1031 563 1111 quasdam
584 1031 716 1094 Sindiae
744 1038 853 1113 partes
881 1044 1080 1109 occupasse,
1113 1030 1190 1105 post

191 1138 261 1199 eius
286 1147 419 1202 mortem
444 1141 611 1218 desertas3
655 1162 736 1224 quae
770 1140 897 1202 fabulae
926 1133 1030 1198 sunt2.
1071 1135 1192 1215 Neque

190 1245 327 1308 melioris
349 1257 424 1310 sunt
445 1260 550 1335 natae,
581 1270 664 1333 quae
689 1237 786 1333 llag'i
813 1248 932 1310 Khalfa
954 1244 1066 1326 tradit,
1096 1262 1190 1305 anno.

189 1352 231 1417 42
251 1362 285 1415 et
305 1352 348 1415 43
368 1357 443 1431 (inc.
464 1357 516 1419 25.
542 1359 620 1441 Apr.
653 1360 732 1433 662)
760 1356 968 1419 ttutratltbum
995 1356 1057 1417 ben
1082 1353 1190 1415 Abul-

190 1462 265 1541 cafa
286 1460 497 1526 Khoraisanaa
522 1467 721 1546 praefectum
748 1465 867 1525 Indiam
896 1472 930 1524 et
957 1463 1099 1525 Sindiam
1127 1482 1190 1523 ex-

191 1590 366 1655 pugnasse,
388 1593 484 1654 quum
505 1576 682 1637 seeundum
704 1573 840 1635 curulem
859 1592 942 1635 auno
962 1572 1055 1633 45ne
1068 1557 1190 1652 Sag'a-

189 1678 282 1739 staua
308 1679 432 1759 quidem
454 1682 568 1743 'l'urcis
589 1690 698 1765 erepta
720 1675 840 1742 osseca
880 1679 973 1741 Unde
999 1680 1063 1741 hae
1094 1677 1191 1740 fabu-

189 1787 239 1846 iae
267 1788 419 1869 originem
441 1788 568 1873 ducant,
590 1788 718 1851 difficile
739 1788 824 1850 dictu
845 1796 913 1868 est,
935 1786 1060 1849 etiamsi
1080 1785 1189 1847 histo-

189 1892 267 1955 riam
288 1894 370 1957 idius
392 1898 543 1979 temporis
564 1897 656 1960 nobis
677 1897 826 1961 traditam
847 1896 1091 1959 incertissimam
1111 1912 1189 1957 esso

194 2026 389 2042 ὴ

206 2096 236 2155 1)
255 2096 402 2162 Qazvinius
419 2099 446 2149 in
471 2112 555 2163 opere
579 2098 806 2163 geographicas.
832 2112 857 2147 v.
882 2097 948 2147 sind
972 2094 1054 2145 tradit
1070 2107 1132 2145 eum
1152 2094 1189 2143 ab

255 2190 307 2240 hoc
323 2191 437 2241 consilio
455 2192 598 2255 destitisse,
618 2206 697 2253 quum
714 2192 747 2241 ab
764 2191 880 2243 Abdalla
896 2192 948 2240 ben
964 2180 1189 2253 dmirregionem

251 2293 313 2330 esse
329 2282 524 2344 pauperrimam
541 2281 679 2336 audiisset.
695 2307 729 2320 —--
744 2281 866 2345 Dowius,
883 2282 927 2344 qui
948 2282 981 2330 de
1005 2280 1115 2330 Sindiae
1138 2292 1191 2329 ex·

251 2371 416 2434 pugnatione
432 2372 470 2420 nil
487 2374 557 2435 apud
580 2376 720 2423 auctorem
736 2386 813 2422 suum
830 2372 964 2423 invenisse
981 2372 1098 2435 videtur,
1120 2370 1189 2419 nist.

252 2460 284 2509 ot
297 2460 374 2510 Hind.
392 2460 454 2510 edit
470 2460 584 2510 Londin.
604 2460 723 2510 18121.
745 2477 771 2524 p.
795 2461 851 2526 1·s.,
874 2456 1060 2510 Khordsdnam
1082 2462 1188 2510 demum

253 2550 342 2611 asad.
359 2552 393 2599 ab
409 2551 527 2601 Abdalla
543 2554 595 2601 ben
611 2552 689 2603 Amir
705 2556 885 2616 expugnatam
905 2566 965 2603 esse
982 2550 1034 2614 ait3
1065 2564 1100 2603 ca
1120 2564 1189 2603 nar·

251 2644 322 2695 rado
339 2645 387 2693 Ibn
405 2640 537 2707 Qutaibae
554 2646 607 2707 ast,
630 2646 675 2707 qui
697 2640 881 2695 Khordsdnam
902 2658 989 2707 neque
1014 2656 1075 2696 cam
1095 2648 1183 2695 totam

251 2736 300 2785 sed
317 2735 374 2784 eius
390 2738 470 2798 eaput
487 2738 589 2797 tanturn
604 2730 763 2786 Marvalrrid
780 2736 829 2785 sub
845 2730 975 2785 Othmdno
997 2738 1189 2803 expugnatam,

253 2837 314 2875 esse
330 2825 432 2891 retulit,
450 2826 485 2873 cf.
501 2825 578 2875 locus
596 2826 687 2875 elusa
710 2826 819 2875 Reiskio
836 2827 870 2874 ad
892 2825 983 2873 Abulf.
1005 2827 1026 2873 1.
1051 2828 1107 2874 not.
1134 2824 1189 2875 108

251 2916 387 2981 laudatus,
405 2916 448 2966 uhi
466 2918 573 2967 omnino
599 2930 616 2966 a
640 2918 747 2980 vulgari
768 2916 996 2978 expugnationum
1012 2915 1125 2965 historia
1140 2928 1187 2965 re-

250 3006 332 3070 cedit,
349 3009 398 3056 sed
410 3006 496 3057 minus
513 3006 660 3070 probabilia
676 3018 790 3057 narrare
806 3005 920 3055 videtur.

203 3099 236 3155 2)
253 3080 320 3146 dod.
337 3096 355 3145 1.
372 3095 391 3144 1.
408 3097 517 3146 Talibus
534 3098 745 3163 narrationibus,
762 3108 827 3160 quas
844 3097 927 3160 Angli
948 3110 982 3147 ex
1010 3098 1126 3149 Persicis
1149 3098 1186 3149 li-

248 3187 303 3237 bris
315 3186 441 3250 imprimis
463 3188 720 3238 aMuhammedanis
739 3186 834 3237 Iudicis
854 3190 1010 3252 conscriptis
1028 3193 1187 3253 desumpse-

249 3282 324 3342 runt,
350 3275 426 3326 nulla
449 3278 597 3327 auctoritas
618 3278 759 3327 tribuenda
779 3280 838 3341 est,
872 3277 924 3327 nisi
943 3279 1108 3341 antiquiores
1133 3280 1187 3331 sint

249 3370 353 3423 tontes,
383 3369 453 3418 unde
469 3380 520 3417 sua
538 3368 693 3418 derivarint.
725 3367 813 3417 Altum
829 3369 881 3417 ben
901 3368 953 3417 Abi
972 3366 1072 3435 ‚Thalia
1102 3371 1187 3435 ipsura

256 3461 290 3508 ad
314 3459 427 3509 fluminis
449 3452 571 3508 thulici
588 3460 679 3507 tontes
707 3470 791 3519 propa
816 3458 901 3507 vicum
930 3459 1099 3511 Sireneshma
1118 3463 1186 3513 sitos

259 3550 376 3613 venisse,
389 3550 519 3601 hodierna
534 3548 654 3611 perhibet
675 3548 778 3611 tabula,
801 3549 871 3597 unde
891 3560 925 3599 eo
949 3551 1067 3603 Muslimi
1089 3556 1185 3604 erebro

251 3642 468 3705 peregrinantur.
501 3641 537 3689 et.
561 3642 665 3688 Burnes
689 3638 790 3689 Reisen
812 3639 839 3687 in
860 3641 954 3690 Indica
975 3645 1029 3692 und
1053 3645 1185 3707 Baranam,

252 3748 324 3786 vers.
339 3736 429 3785 Germ.
446 3734 519 3785 Gott.
535 3735 558 3783 1.
576 3732 638 3782 180.

200 3832 231 3885 a)
250 3829 376 3878 flammei·
392 3824 584 3875 Gemtldesaal
601 3826 636 3873 n.
653 3826 680 3873 9.
713 3825 743 3875 Si
759 3826 845 3878 voluit
864 3828 968 3878 clarum
983 3826 1058 3877 illum
1075 3828 1185 3881 Mahal-
