<?xml version="1.0" encoding="UTF-8"?>
<!DOCTYPE html PUBLIC "-//W3C//DTD XHTML 1.0 Transitional//EN"
    "http://www.w3.org/TR/xhtml1/DTD/xhtml1-transitional.dtd">
<html xmlns="http://www.w3.org/1999/xhtml" xml:lang="en" lang="en">
 <head>
  <title>
</title>
<meta http-equiv="Content-Type" content="text/html;charset=utf-8" />
  <meta name='ocr-system' content='tesseract 3.04.00' />
  <meta name='ocr-capabilities' content='ocr_page ocr_carea ocr_par ocr_line ocrx_word'/>
</head>
<body>
  <div class='ocr_page' id='page_1' title='image "./scriptorumarabu00agoog_0025.png"; bbox 0 0 2474 4500; ppageno 0'>
   <div class='ocr_carea' id='block_1_1' title="bbox 564 333 777 376">
    <p class='ocr_par' dir='ltr' id='par_1_1' title="bbox 564 333 777 376">
     <span class='ocr_line' id='line_1_1' title="bbox 564 333 777 376; baseline 0.005 -1"><span class='ocrx_word' id='word_1_1' title='bbox 564 333 777 376; x_wconf 53' lang='lat' dir='ltr'><strong>*xir-</strong></span> 
     </span>
    </p>
   </div>
   <div class='ocr_carea' id='block_1_2' title="bbox 111 480 1175 2087">
    <p class='ocr_par' dir='ltr' id='par_1_2' title="bbox 111 480 1175 2087">
     <span class='ocr_line' id='line_1_2' title="bbox 169 480 1173 577; baseline -0.003 -15"><span class='ocrx_word' id='word_1_2' title='bbox 169 520 251 563; x_wconf 88' lang='lat' dir='ltr'><strong>auno</strong></span> <span class='ocrx_word' id='word_1_3' title='bbox 276 500 336 562; x_wconf 81' lang='lat'><strong>170</strong></span> <span class='ocrx_word' id='word_1_4' title='bbox 356 500 461 561; x_wconf 77' lang='lat' dir='ltr'><strong>veniri</strong></span> <span class='ocrx_word' id='word_1_5' title='bbox 481 518 609 560; x_wconf 87' lang='lat' dir='ltr'><strong>munere</strong></span> <span class='ocrx_word' id='word_1_6' title='bbox 629 497 792 577; x_wconf 85' lang='lat' dir='ltr'><strong>praeditus</strong></span> <span class='ocrx_word' id='word_1_7' title='bbox 817 498 850 558; x_wconf 90' lang='lat' dir='ltr'><strong>in</strong></span> <span class='ocrx_word' id='word_1_8' title='bbox 876 496 976 558; x_wconf 86' lang='lat' dir='ltr'><strong>literis</strong></span> <span class='ocrx_word' id='word_1_9' title='bbox 1013 480 1173 561; x_wconf 82' lang='lat' dir='ltr'><strong>adiuvan-</strong></span> 
     </span>
     <span class='ocr_line' id='line_1_3' title="bbox 171 591 1174 687; baseline -0.004 -18"><span class='ocrx_word' id='word_1_10' title='bbox 171 608 220 669; x_wconf 91' lang='lat' dir='ltr'><strong>dis</strong></span> <span class='ocrx_word' id='word_1_11' title='bbox 248 609 443 687; x_wconf 85' lang='lat' dir='ltr'><strong>praeclaram</strong></span> <span class='ocrx_word' id='word_1_12' title='bbox 466 607 636 669; x_wconf 89' lang='lat' dir='ltr'><strong>collocavit</strong></span> <span class='ocrx_word' id='word_1_13' title='bbox 663 623 803 685; x_wconf 87' lang='lat' dir='ltr'><strong>operam.</strong></span> <span class='ocrx_word' id='word_1_14' title='bbox 831 605 898 678; x_wconf 84' lang='lat' dir='ltr'><strong>(Ab</strong></span> <span class='ocrx_word' id='word_1_15' title='bbox 924 591 1023 686; x_wconf 83' lang='lat' dir='ltr'><strong>Hag&#39;i</strong></span> <span class='ocrx_word' id='word_1_16' title='bbox 1053 604 1174 667; x_wconf 84' lang='lat' dir='ltr'><strong>Kiraiia</strong></span> 
     </span>
     <span class='ocr_line' id='line_1_4' title="bbox 169 710 1175 795; baseline -0.002 -20"><span class='ocrx_word' id='word_1_17' title='bbox 169 723 275 775; x_wconf 91' lang='lat' dir='ltr'><strong>tamen</strong></span> <span class='ocrx_word' id='word_1_18' title='bbox 308 712 393 794; x_wconf 88' lang='lat' dir='ltr'><strong>apud</strong></span> <span class='ocrx_word' id='word_1_19' title='bbox 415 714 560 795; x_wconf 84' lang='lat' dir='ltr'><strong>Sacyum</strong></span> <span class='ocrx_word' id='word_1_20' title='bbox 585 713 662 772; x_wconf 90' lang='lat' dir='ltr'><strong>Not.</strong></span> <span class='ocrx_word' id='word_1_21' title='bbox 692 719 724 772; x_wconf 88' lang='lat' dir='ltr'><strong>et</strong></span> <span class='ocrx_word' id='word_1_22' title='bbox 745 712 836 771; x_wconf 81' lang='lat' dir='ltr'><strong>Extr.</strong></span> <span class='ocrx_word' id='word_1_23' title='bbox 857 711 901 792; x_wconf 88' lang='lat' dir='ltr'><strong>X,</strong></span> <span class='ocrx_word' id='word_1_24' title='bbox 926 711 986 773; x_wconf 83' lang='lat'><strong>169</strong></span> <span class='ocrx_word' id='word_1_25' title='bbox 1007 730 1090 772; x_wconf 85' lang='lat' dir='ltr'><strong>anno</strong></span> <span class='ocrx_word' id='word_1_26' title='bbox 1116 710 1175 773; x_wconf 72' lang='lat'><strong>165</strong></span> 
     </span>
     <span class='ocr_line' id='line_1_5' title="bbox 168 817 1170 899; baseline -0.002 -18"><span class='ocrx_word' id='word_1_27' title='bbox 168 823 277 882; x_wconf 86' lang='lat' dir='ltr'><strong>librum</strong></span> <span class='ocrx_word' id='word_1_28' title='bbox 304 820 410 893; x_wconf 82' lang='lat' dir='ltr'><strong>Kaiiia</strong></span> <span class='ocrx_word' id='word_1_29' title='bbox 441 819 603 881; x_wconf 80' lang='lat' dir='ltr'><strong>transferri</strong></span> <span class='ocrx_word' id='word_1_30' title='bbox 625 820 760 880; x_wconf 89' lang='lat' dir='ltr'><strong>iussisse</strong></span> <span class='ocrx_word' id='word_1_31' title='bbox 784 819 912 899; x_wconf 88' lang='lat' dir='ltr'><strong>dicitur,</strong></span> <span class='ocrx_word' id='word_1_32' title='bbox 942 817 1002 880; x_wconf 89' lang='lat' dir='ltr'><strong>sed</strong></span> <span class='ocrx_word' id='word_1_33' title='bbox 1023 818 1052 880; x_wconf 91' lang='lat' dir='ltr'><strong>is</strong></span> <span class='ocrx_word' id='word_1_34' title='bbox 1079 818 1170 881; x_wconf 80' lang='lat' dir='ltr'><strong>locun</strong></span> 
     </span>
     <span class='ocr_line' id='line_1_6' title="bbox 168 925 1170 1005; baseline -0.004 -14"><span class='ocrx_word' id='word_1_35' title='bbox 168 929 282 991; x_wconf 85' lang='lat' dir='ltr'><strong>mendo</strong></span> <span class='ocrx_word' id='word_1_36' title='bbox 305 928 390 989; x_wconf 89' lang='lat' dir='ltr'><strong>haud</strong></span> <span class='ocrx_word' id='word_1_37' title='bbox 411 948 471 989; x_wconf 94' lang='lat' dir='ltr'><strong>uno</strong></span> <span class='ocrx_word' id='word_1_38' title='bbox 494 927 647 1005; x_wconf 82' lang='lat' dir='ltr'><strong>laborat.)</strong></span> <span class='ocrx_word' id='word_1_39' title='bbox 692 927 749 988; x_wconf 90' lang='lat' dir='ltr'><strong>Sin</strong></span> <span class='ocrx_word' id='word_1_40' title='bbox 767 935 874 988; x_wconf 87' lang='lat' dir='ltr'><strong>autem</strong></span> <span class='ocrx_word' id='word_1_41' title='bbox 902 927 1011 986; x_wconf 89' lang='lat' dir='ltr'><strong>versio</strong></span> <span class='ocrx_word' id='word_1_42' title='bbox 1038 925 1081 987; x_wconf 93' lang='lat' dir='ltr'><strong>ad</strong></span> <span class='ocrx_word' id='word_1_43' title='bbox 1107 945 1170 987; x_wconf 85' lang='lat' dir='ltr'><strong>an·-</strong></span> 
     </span>
     <span class='ocr_line' id='line_1_7' title="bbox 111 1034 1173 1116; baseline 0 -20"><span class='ocrx_word' id='word_1_44' title='bbox 111 1035 116 1049; x_wconf 89' lang='lat'><em>&#39;</em></span> <span class='ocrx_word' id='word_1_45' title='bbox 170 1036 286 1115; x_wconf 89' lang='lat' dir='ltr'><strong>tiquius</strong></span> <span class='ocrx_word' id='word_1_46' title='bbox 306 1034 379 1096; x_wconf 88' lang='lat' dir='ltr'><strong>iliud</strong></span> <span class='ocrx_word' id='word_1_47' title='bbox 402 1043 527 1115; x_wconf 84' lang='lat' dir='ltr'><strong>ternpus</strong></span> <span class='ocrx_word' id='word_1_48' title='bbox 549 1053 662 1094; x_wconf 87' lang='lat' dir='ltr'><strong>revera</strong></span> <span class='ocrx_word' id='word_1_49' title='bbox 683 1035 867 1114; x_wconf 75' lang='lat' dir='ltr'><strong>pertineret,</strong></span> <span class='ocrx_word' id='word_1_50' title='bbox 883 1041 1078 1116; x_wconf 84' lang='lat' dir='ltr'><strong>certumest,</strong></span> <span class='ocrx_word' id='word_1_51' title='bbox 1101 1052 1173 1096; x_wconf 80' lang='lat' dir='ltr'><strong>eam</strong></span> 
     </span>
     <span class='ocr_line' id='line_1_8' title="bbox 168 1139 1174 1221; baseline 0.003 -21"><span class='ocrx_word' id='word_1_52' title='bbox 168 1158 302 1219; x_wconf 86' lang='lat' dir='ltr'><strong>pravam</strong></span> <span class='ocrx_word' id='word_1_53' title='bbox 323 1139 427 1202; x_wconf 87' lang='lat' dir='ltr'><strong>fuisse</strong></span> <span class='ocrx_word' id='word_1_54' title='bbox 448 1160 551 1221; x_wconf 88' lang='lat' dir='ltr'><strong>neque</strong></span> <span class='ocrx_word' id='word_1_55' title='bbox 572 1141 603 1199; x_wconf 94' lang='lat' dir='ltr'><strong>in</strong></span> <span class='ocrx_word' id='word_1_56' title='bbox 625 1141 783 1201; x_wconf 87' lang='lat' dir='ltr'><strong>hominum</strong></span> <span class='ocrx_word' id='word_1_57' title='bbox 805 1159 897 1202; x_wconf 90' lang='lat' dir='ltr'><strong>usum</strong></span> <span class='ocrx_word' id='word_1_58' title='bbox 918 1141 1068 1216; x_wconf 87' lang='lat' dir='ltr'><strong>venisse;</strong></span> <span class='ocrx_word' id='word_1_59' title='bbox 1096 1160 1174 1203; x_wconf 85' lang='lat' dir='ltr'><strong>mox</strong></span> 
     </span>
     <span class='ocr_line' id='line_1_9' title="bbox 168 1245 1172 1329; baseline -0.002 -20"><span class='ocrx_word' id='word_1_60' title='bbox 168 1266 299 1329; x_wconf 87' lang='lat' dir='ltr'><strong>prorsus</strong></span> <span class='ocrx_word' id='word_1_61' title='bbox 323 1248 495 1309; x_wconf 85' lang='lat' dir='ltr'><strong>evanuisse</strong></span> <span class='ocrx_word' id='word_1_62' title='bbox 516 1245 751 1329; x_wconf 71' lang='lat' dir='ltr'><strong>videtur,]unde</strong></span> <span class='ocrx_word' id='word_1_63' title='bbox 771 1266 813 1308; x_wconf 79' lang='lat' dir='ltr'><strong>eru</strong></span> <span class='ocrx_word' id='word_1_64' title='bbox 835 1266 874 1307; x_wconf 89' lang='lat' dir='ltr'><strong>ea</strong></span> <span class='ocrx_word' id='word_1_65' title='bbox 896 1246 1172 1309; x_wconf 87' lang='lat' dir='ltr'><strong>doctrina-Ptolo-</strong></span> 
     </span>
     <span class='ocr_line' id='line_1_10' title="bbox 168 1351 1170 1435; baseline 0.001 -21"><span class='ocrx_word' id='word_1_66' title='bbox 168 1353 272 1416; x_wconf 88' lang='lat' dir='ltr'><strong>maica</strong></span> <span class='ocrx_word' id='word_1_67' title='bbox 307 1354 477 1435; x_wconf 83' lang='lat' dir='ltr'><strong>propagari</strong></span> <span class='ocrx_word' id='word_1_68' title='bbox 511 1370 574 1414; x_wconf 91' lang='lat' dir='ltr'><strong>non</strong></span> <span class='ocrx_word' id='word_1_69' title='bbox 612 1352 724 1433; x_wconf 85' lang='lat' dir='ltr'><strong>potuit.</strong></span> <span class='ocrx_word' id='word_1_70' title='bbox 767 1351 837 1414; x_wconf 84' lang='lat' dir='ltr'><strong>Sed</strong></span> <span class='ocrx_word' id='word_1_71' title='bbox 867 1354 963 1414; x_wconf 88' lang='lat' dir='ltr'><strong>etiam</strong></span> <span class='ocrx_word' id='word_1_72' title='bbox 999 1354 1170 1415; x_wconf 80' lang='lat' dir='ltr'><strong>versiones</strong></span> 
     </span>
     <span class='ocr_line' id='line_1_11' title="bbox 170 1442 1169 1541; baseline 0.002 -20"><span class='ocrx_word' id='word_1_73' title='bbox 170 1456 293 1521; x_wconf 74' lang='lat' dir='ltr'><strong>Hirrini</strong></span> <span class='ocrx_word' id='word_1_74' title='bbox 329 1469 473 1541; x_wconf 86' lang='lat' dir='ltr'><strong>tempore</strong></span> <span class='ocrx_word' id='word_1_75' title='bbox 507 1442 674 1521; x_wconf 83' lang='lat' dir='ltr'><strong>confectas</strong></span> <span class='ocrx_word' id='word_1_76' title='bbox 712 1459 842 1521; x_wconf 86' lang='lat' dir='ltr'><strong>eruditis</strong></span> <span class='ocrx_word' id='word_1_77' title='bbox 870 1479 932 1521; x_wconf 92' lang='lat' dir='ltr'><strong>non</strong></span> <span class='ocrx_word' id='word_1_78' title='bbox 954 1460 1169 1540; x_wconf 76' lang='lat' dir='ltr'><strong>satisfecisse,</strong></span> 
     </span>
     <span class='ocr_line' id='line_1_12' title="bbox 170 1563 1174 1653; baseline 0.002 -26"><span class='ocrx_word' id='word_1_79' title='bbox 170 1565 323 1627; x_wconf 79' lang='lat' dir='ltr'><strong>discimus</strong></span> <span class='ocrx_word' id='word_1_80' title='bbox 347 1574 412 1626; x_wconf 90' lang='lat' dir='ltr'><strong>tum</strong></span> <span class='ocrx_word' id='word_1_81' title='bbox 434 1564 518 1653; x_wconf 88' lang='lat' dir='ltr'><strong>inde,</strong></span> <span class='ocrx_word' id='word_1_82' title='bbox 542 1564 624 1646; x_wconf 90' lang='lat' dir='ltr'><strong>quod</strong></span> <span class='ocrx_word' id='word_1_83' title='bbox 646 1563 799 1635; x_wconf 78' lang='lat' dir='ltr'><strong>Mimime</strong></span> <span class='ocrx_word' id='word_1_84' title='bbox 820 1575 975 1648; x_wconf 82' lang='lat' dir='ltr'><strong>regnante</strong></span> <span class='ocrx_word' id='word_1_85' title='bbox 989 1567 1052 1628; x_wconf 87' lang='lat' dir='ltr'><strong>iam</strong></span> <span class='ocrx_word' id='word_1_86' title='bbox 1064 1568 1174 1648; x_wconf 86' lang='lat' dir='ltr'><strong>plures</strong></span> 
     </span>
     <span class='ocr_line' id='line_1_13' title="bbox 171 1672 1174 1756; baseline 0.001 -22"><span class='ocrx_word' id='word_1_87' title='bbox 171 1692 277 1735; x_wconf 89' lang='lat' dir='ltr'><strong>novae</strong></span> <span class='ocrx_word' id='word_1_88' title='bbox 306 1674 513 1735; x_wconf 80' lang='lat' dir='ltr'><strong>necessariae</strong></span> <span class='ocrx_word' id='word_1_89' title='bbox 541 1672 739 1756; x_wconf 88' lang='lat' dir='ltr'><strong>viderentur,</strong></span> <span class='ocrx_word' id='word_1_90' title='bbox 776 1680 842 1733; x_wconf 93' lang='lat' dir='ltr'><strong>tum</strong></span> <span class='ocrx_word' id='word_1_91' title='bbox 870 1692 912 1734; x_wconf 85' lang='lat' dir='ltr'><strong>ex</strong></span> <span class='ocrx_word' id='word_1_92' title='bbox 934 1673 1054 1735; x_wconf 88' lang='lat' dir='ltr'><strong>diserto</strong></span> <span class='ocrx_word' id='word_1_93' title='bbox 1075 1676 1174 1736; x_wconf 88' lang='lat' dir='ltr'><strong>testi-</strong></span> 
     </span>
     <span class='ocr_line' id='line_1_14' title="bbox 171 1779 1172 1863; baseline 0 -21"><span class='ocrx_word' id='word_1_94' title='bbox 171 1782 275 1842; x_wconf 94' lang='lat' dir='ltr'><strong>monio</strong></span> <span class='ocrx_word' id='word_1_95' title='bbox 299 1781 356 1842; x_wconf 90' lang='lat' dir='ltr'><strong>lbn</strong></span> <span class='ocrx_word' id='word_1_96' title='bbox 378 1779 572 1862; x_wconf 78' lang='lat' dir='ltr'><strong>Khaiiikini,</strong></span> <span class='ocrx_word' id='word_1_97' title='bbox 596 1780 702 1859; x_wconf 90' lang='lat' dir='ltr'><strong>quiin</strong></span> <span class='ocrx_word' id='word_1_98' title='bbox 724 1781 792 1840; x_wconf 88' lang='lat' dir='ltr'><strong>vita</strong></span> <span class='ocrx_word' id='word_1_99' title='bbox 810 1781 951 1841; x_wconf 87' lang='lat' dir='ltr'><strong>Hunaini</strong></span> <span class='ocrx_word' id='word_1_100' title='bbox 970 1780 1032 1840; x_wconf 87' lang='lat' dir='ltr'><strong>ben</strong></span> <span class='ocrx_word' id='word_1_101' title='bbox 1060 1781 1172 1863; x_wconf 86' lang='lat' dir='ltr'><strong>Ishaq,</strong></span> 
     </span>
     <span class='ocr_line' id='line_1_15' title="bbox 169 1877 1174 1971; baseline 0.001 -20"><span class='ocrx_word' id='word_1_102' title='bbox 169 1898 338 1970; x_wconf 87' lang='lat' dir='ltr'><strong>postquam</strong></span> <span class='ocrx_word' id='word_1_103' title='bbox 360 1889 428 1949; x_wconf 88' lang='lat' dir='ltr'><strong>eius</strong></span> <span class='ocrx_word' id='word_1_104' title='bbox 449 1898 482 1949; x_wconf 89' lang='lat' dir='ltr'><strong>et</strong></span> <span class='ocrx_word' id='word_1_105' title='bbox 503 1889 628 1949; x_wconf 80' lang='lat' dir='ltr'><strong>&#39;rhnbiti</strong></span> <span class='ocrx_word' id='word_1_106' title='bbox 641 1889 808 1950; x_wconf 88' lang='lat' dir='ltr'><strong>versiones</strong></span> <span class='ocrx_word' id='word_1_107' title='bbox 827 1877 1010 1971; x_wconf 85' lang='lat' dir='ltr'><strong>Almag&#39;isti</strong></span> <span class='ocrx_word' id='word_1_108' title='bbox 1025 1907 1174 1952; x_wconf 88' lang='lat' dir='ltr'><strong>commo-</strong></span> 
     </span>
     <span class='ocr_line' id='line_1_16' title="bbox 169 1995 1174 2087; baseline 0.003 -29"><span class='ocrx_word' id='word_1_109' title='bbox 169 1997 318 2078; x_wconf 80' lang='lat' dir='ltr'><strong>metavit,</strong></span> <span class='ocrx_word' id='word_1_110' title='bbox 341 1995 381 2057; x_wconf 90' lang='lat' dir='ltr'><strong>od</strong></span> <span class='ocrx_word' id='word_1_111' title='bbox 408 1996 617 2059; x_wconf 85' lang='lat' dir='ltr'><strong>Wiistenfeid</strong></span> <span class='ocrx_word' id='word_1_112' title='bbox 645 1997 693 2076; x_wconf 84' lang='grc' dir='ltr'><strong>ΙΙ,</strong></span> <span class='ocrx_word' id='word_1_113' title='bbox 733 2004 791 2080; x_wconf 79' lang='lat' dir='ltr'><strong>rot,</strong></span> <span class='ocrx_word' id='word_1_114' title='bbox 827 1997 909 2058; x_wconf 85' lang='lat' dir='ltr'><strong>haec</strong></span> <span class='ocrx_word' id='word_1_115' title='bbox 934 1996 1035 2058; x_wconf 83' lang='lat' dir='ltr'><strong>addit.</strong></span> <span class='ocrx_word' id='word_1_116' title='bbox 1079 1996 1100 2061; x_wconf 77' lang='lat' dir='ltr'><strong>t</strong></span> <span class='ocrx_word' id='word_1_117' title='bbox 1119 1996 1174 2087; x_wconf 66' lang='grc'><strong>,3,</strong></span> 
     </span>
    </p>
   </div>
   <div class='ocr_carea' id='block_1_3' title="bbox 125 2118 1176 2223">
    <p class='ocr_par' dir='ltr' id='par_1_3' title="bbox 125 2118 1176 2223">
     <span class='ocr_line' id='line_1_17' title="bbox 125 2118 1176 2223; baseline 0.002 -37"><span class='ocrx_word' id='word_1_118' title='bbox 125 2118 1176 2223; x_wconf 46' lang='grc' dir='ltr'><strong>πμυαόμώιάωωρωωώιωο</strong></span> 
     </span>
    </p>
   </div>
   <div class='ocr_carea' id='block_1_4' title="bbox 169 2236 1173 2472">
    <p class='ocr_par' dir='ltr' id='par_1_4' title="bbox 169 2236 1173 2472">
     <span class='ocr_line' id='line_1_18' title="bbox 169 2236 1173 2355; baseline -0.002 -46"><span class='ocrx_word' id='word_1_119' title='bbox 169 2293 238 2345; x_wconf 55' lang='lat'><strong>0..</strong></span> <span class='ocrx_word' id='word_1_120' title='bbox 240 2240 962 2355; x_wconf 42' lang='lat' dir='ltr'><strong>hoifflfldufflwstpio</strong></span> <span class='ocrx_word' id='word_1_121' title='bbox 942 2236 1096 2339; x_wconf 39' lang='lat' dir='ltr'><strong>inii„</strong></span> <span class='ocrx_word' id='word_1_122' title='bbox 1076 2242 1173 2307; x_wconf 59' lang='lat' dir='ltr'><strong>beia</strong></span> 
     </span>
     <span class='ocr_line' id='line_1_19' title="bbox 170 2362 1173 2472; baseline -0.003 -38"><span class='ocrx_word' id='word_1_123' title='bbox 170 2362 1173 2472; x_wconf 48' lang='lat' dir='ltr'><strong>nai-iimrurffl‘iisaff-wiiflib</strong></span> 
     </span>
    </p>
   </div>
   <div class='ocr_carea' id='block_1_5' title="bbox 167 2493 1175 3852">
    <p class='ocr_par' dir='ltr' id='par_1_5' title="bbox 167 2493 1175 3852">
     <span class='ocr_line' id='line_1_20' title="bbox 168 2493 1174 2572; baseline -0.005 -18"><span class='ocrx_word' id='word_1_124' title='bbox 168 2493 247 2554; x_wconf 80' lang='lat' dir='ltr'><strong>Nisi</strong></span> <span class='ocrx_word' id='word_1_125' title='bbox 267 2493 328 2552; x_wconf 82' lang='lat' dir='ltr'><strong>trae</strong></span> <span class='ocrx_word' id='word_1_126' title='bbox 348 2497 624 2570; x_wconf 70' lang='lat' dir='ltr'><strong>interpretationes</strong></span> <span class='ocrx_word' id='word_1_127' title='bbox 647 2496 757 2572; x_wconf 83' lang='lat' dir='ltr'><strong>factae</strong></span> <span class='ocrx_word' id='word_1_128' title='bbox 783 2498 905 2565; x_wconf 79' lang='lat' dir='ltr'><strong>essent,</strong></span> <span class='ocrx_word' id='word_1_129' title='bbox 940 2511 1030 2551; x_wconf 81' lang='lat' dir='ltr'><strong>nemo</strong></span> <span class='ocrx_word' id='word_1_130' title='bbox 1058 2509 1103 2549; x_wconf 77' lang='lat' dir='ltr'><strong>ea·</strong></span> <span class='ocrx_word' id='word_1_131' title='bbox 1133 2493 1174 2549; x_wconf 76' lang='lat' dir='ltr'><strong>iis</strong></span> 
     </span>
     <span class='ocr_line' id='line_1_21' title="bbox 169 2594 1171 2676; baseline 0.001 -22"><span class='ocrx_word' id='word_1_132' title='bbox 169 2596 260 2656; x_wconf 77' lang='lat' dir='ltr'><strong>tibris</strong></span> <span class='ocrx_word' id='word_1_133' title='bbox 281 2601 447 2659; x_wconf 80' lang='lat' dir='ltr'><strong>utilitatem</strong></span> <span class='ocrx_word' id='word_1_134' title='bbox 466 2602 677 2676; x_wconf 79' lang='lat' dir='ltr'><strong>percepisset,</strong></span> <span class='ocrx_word' id='word_1_135' title='bbox 703 2606 834 2675; x_wconf 83' lang='lat' dir='ltr'><strong>propter</strong></span> <span class='ocrx_word' id='word_1_136' title='bbox 863 2599 992 2676; x_wconf 73' lang='lat' dir='ltr'><strong>linquae</strong></span> <span class='ocrx_word' id='word_1_137' title='bbox 1021 2594 1171 2657; x_wconf 77' lang='lat' dir='ltr'><strong>Graecae</strong></span> 
     </span>
     <span class='ocr_line' id='line_1_22' title="bbox 169 2704 1173 2788; baseline -0.004 -23"><span class='ocrx_word' id='word_1_138' title='bbox 169 2711 342 2788; x_wconf 79' lang='lat' dir='ltr'><strong>inscitiam,</strong></span> <span class='ocrx_word' id='word_1_139' title='bbox 365 2728 404 2768; x_wconf 86' lang='lat' dir='ltr'><strong>ae</strong></span> <span class='ocrx_word' id='word_1_140' title='bbox 421 2712 602 2767; x_wconf 82' lang='lat' dir='ltr'><strong>necessario</strong></span> <span class='ocrx_word' id='word_1_141' title='bbox 625 2723 732 2766; x_wconf 80' lang='lat' dir='ltr'><strong>ornnes</strong></span> <span class='ocrx_word' id='word_1_142' title='bbox 754 2704 835 2779; x_wconf 76' lang='lat' dir='ltr'><strong>iibri,</strong></span> <span class='ocrx_word' id='word_1_143' title='bbox 865 2723 944 2783; x_wconf 78' lang='lat' dir='ltr'><strong>qnos</strong></span> <span class='ocrx_word' id='word_1_144' title='bbox 976 2720 1041 2762; x_wconf 85' lang='lat' dir='ltr'><strong>non</strong></span> <span class='ocrx_word' id='word_1_145' title='bbox 1068 2706 1173 2761; x_wconf 80' lang='lat' dir='ltr'><strong>inter·-</strong></span> 
     </span>
     <span class='ocr_line' id='line_1_23' title="bbox 167 2812 1174 2890; baseline -0.005 -17"><span class='ocrx_word' id='word_1_146' title='bbox 167 2818 380 2890; x_wconf 83' lang='lat' dir='ltr'><strong>pretatisant,</strong></span> <span class='ocrx_word' id='word_1_147' title='bbox 405 2819 722 2881; x_wconf 84' lang='lat' dir='ltr'><strong>intaetimaaserrmt.</strong></span> <span class='ocrx_word' id='word_1_148' title='bbox 746 2817 787 2872; x_wconf 79' lang='lat' dir='ltr'><strong>iis·</strong></span> <span class='ocrx_word' id='word_1_149' title='bbox 806 2816 1093 2889; x_wconf 78' lang='lat' dir='ltr'><strong>tantampatenteo,</strong></span> <span class='ocrx_word' id='word_1_150' title='bbox 1116 2812 1174 2888; x_wconf 85' lang='lat' dir='ltr'><strong>qai</strong></span> 
     </span>
     <span class='ocr_line' id='line_1_24' title="bbox 170 2916 1173 2997; baseline -0.001 -20"><span class='ocrx_word' id='word_1_151' title='bbox 170 2920 313 2995; x_wconf 70' lang='lat' dir='ltr'><strong>linquam</strong></span> <span class='ocrx_word' id='word_1_152' title='bbox 338 2920 425 2980; x_wconf 83' lang='lat' dir='ltr'><strong>ittam</strong></span> <span class='ocrx_word' id='word_1_153' title='bbox 448 2921 613 2981; x_wconf 79' lang='lat' dir='ltr'><strong>callebant.</strong></span> <span class='ocrx_word' id='word_1_154' title='bbox 643 2919 766 2981; x_wconf 78' lang='lat' dir='ltr'><strong>Eadem</strong></span> <span class='ocrx_word' id='word_1_155' title='bbox 788 2918 897 2980; x_wconf 89' lang='lat' dir='ltr'><strong>verbis</strong></span> <span class='ocrx_word' id='word_1_156' title='bbox 929 2916 1035 2997; x_wconf 87' lang='lat' dir='ltr'><strong>paullo</strong></span> <span class='ocrx_word' id='word_1_157' title='bbox 1064 2924 1173 2977; x_wconf 83' lang='lat' dir='ltr'><strong>muta·-</strong></span> 
     </span>
     <span class='ocr_line' id='line_1_25' title="bbox 170 3011 1172 3104; baseline 0.001 -24"><span class='ocrx_word' id='word_1_158' title='bbox 170 3021 213 3081; x_wconf 89' lang='lat' dir='ltr'><strong>tis</strong></span> <span class='ocrx_word' id='word_1_159' title='bbox 254 3023 348 3082; x_wconf 88' lang='lat' dir='ltr'><strong>habet</strong></span> <span class='ocrx_word' id='word_1_160' title='bbox 383 3011 478 3102; x_wconf 84' lang='lat' dir='ltr'><strong>Hag&#39;i</strong></span> <span class='ocrx_word' id='word_1_161' title='bbox 509 3024 622 3085; x_wconf 82' lang='lat' dir='ltr'><strong>Khalia</strong></span> <span class='ocrx_word' id='word_1_162' title='bbox 654 3023 737 3103; x_wconf 87' lang='lat' dir='ltr'><strong>apud</strong></span> <span class='ocrx_word' id='word_1_163' title='bbox 767 3024 933 3104; x_wconf 89' lang='lat' dir='ltr'><strong>Puscyurn</strong></span> <span class='ocrx_word' id='word_1_164' title='bbox 965 3020 1068 3084; x_wconf 87' lang='lat' dir='ltr'><strong>Catai.</strong></span> <span class='ocrx_word' id='word_1_165' title='bbox 1098 3020 1172 3083; x_wconf 87' lang='lat' dir='ltr'><strong>bibi.</strong></span> 
     </span>
     <span class='ocr_line' id='line_1_26' title="bbox 170 3125 1171 3212; baseline 0.006 -27"><span class='ocrx_word' id='word_1_166' title='bbox 170 3125 259 3186; x_wconf 80' lang='lat' dir='ltr'><strong>Boot.</strong></span> <span class='ocrx_word' id='word_1_167' title='bbox 283 3129 323 3205; x_wconf 89' lang='grc' dir='ltr'><strong>ΙΙ,</strong></span> <span class='ocrx_word' id='word_1_168' title='bbox 346 3125 416 3187; x_wconf 81' lang='grc'><strong>537.</strong></span> <span class='ocrx_word' id='word_1_169' title='bbox 458 3128 621 3191; x_wconf 81' lang='lat' dir='ltr'><strong>Mimimis</strong></span> <span class='ocrx_word' id='word_1_170' title='bbox 644 3130 769 3192; x_wconf 90' lang='lat' dir='ltr'><strong>demum</strong></span> <span class='ocrx_word' id='word_1_171' title='bbox 798 3141 941 3212; x_wconf 88' lang='lat' dir='ltr'><strong>tempore</strong></span> <span class='ocrx_word' id='word_1_172' title='bbox 963 3130 1171 3194; x_wconf 80' lang='lat' dir='ltr'><strong>Ptolemaeus</strong></span> 
     </span>
     <span class='ocr_line' id='line_1_27' title="bbox 171 3236 1175 3319; baseline 0.009 -27"><span class='ocrx_word' id='word_1_173' title='bbox 171 3236 361 3295; x_wconf 87' lang='lat' dir='ltr'><strong>auctoritate</strong></span> <span class='ocrx_word' id='word_1_174' title='bbox 383 3236 520 3297; x_wconf 85' lang='lat' dir='ltr'><strong>maxime</strong></span> <span class='ocrx_word' id='word_1_175' title='bbox 548 3239 667 3310; x_wconf 82' lang='lat' dir='ltr'><strong>crevit3</strong></span> <span class='ocrx_word' id='word_1_176' title='bbox 709 3241 778 3319; x_wconf 89' lang='lat' dir='ltr'><strong>ipse</strong></span> <span class='ocrx_word' id='word_1_177' title='bbox 799 3238 921 3300; x_wconf 82' lang='lat' dir='ltr'><strong>kirolifa</strong></span> <span class='ocrx_word' id='word_1_178' title='bbox 950 3241 978 3299; x_wconf 88' lang='lat' dir='ltr'><strong>ei</strong></span> <span class='ocrx_word' id='word_1_179' title='bbox 1006 3238 1175 3319; x_wconf 80' lang='lat' dir='ltr'><strong>diligenter</strong></span> 
     </span>
     <span class='ocr_line' id='line_1_28' title="bbox 171 3331 1175 3443; baseline 0.004 -43"><span class='ocrx_word' id='word_1_180' title='bbox 171 3340 295 3402; x_wconf 82' lang='lat' dir='ltr'><strong>studuit</strong></span> <span class='ocrx_word' id='word_1_181' title='bbox 317 3360 356 3403; x_wconf 88' lang='lat' dir='ltr'><strong>ac</strong></span> <span class='ocrx_word' id='word_1_182' title='bbox 382 3352 508 3423; x_wconf 86' lang='lat' dir='ltr'><strong>praeter</strong></span> <span class='ocrx_word' id='word_1_183' title='bbox 535 3335 704 3407; x_wconf 85' lang='lat' dir='ltr'><strong>versiones</strong></span> <span class='ocrx_word' id='word_1_184' title='bbox 730 3364 829 3425; x_wconf 90' lang='lat' dir='ltr'><strong>supra</strong></span> <span class='ocrx_word' id='word_1_185' title='bbox 859 3346 988 3443; x_wconf 59' lang='lat' dir='ltr'><strong>dictas,</strong></span> <span class='ocrx_word' id='word_1_186' title='bbox 1018 3331 1175 3427; x_wconf 77' lang='lat' dir='ltr'><strong>Hig&#39;tg&#39;i,</strong></span> 
     </span>
     <span class='ocr_line' id='line_1_29' title="bbox 172 3446 1174 3534; baseline 0.007 -30"><span class='ocrx_word' id='word_1_187' title='bbox 172 3446 224 3525; x_wconf 93' lang='lat' dir='ltr'><strong>qui</strong></span> <span class='ocrx_word' id='word_1_188' title='bbox 246 3453 388 3527; x_wconf 90' lang='lat' dir='ltr'><strong>ternpore</strong></span> <span class='ocrx_word' id='word_1_189' title='bbox 411 3447 553 3508; x_wconf 78' lang='lat' dir='ltr'><strong>Hirriuis</strong></span> <span class='ocrx_word' id='word_1_190' title='bbox 577 3457 609 3508; x_wconf 90' lang='lat' dir='ltr'><strong>et</strong></span> <span class='ocrx_word' id='word_1_191' title='bbox 632 3446 793 3509; x_wconf 77' lang='lat' dir='ltr'><strong>Mimriuis</strong></span> <span class='ocrx_word' id='word_1_192' title='bbox 817 3450 908 3534; x_wconf 90' lang='lat' dir='ltr'><strong>vixit,</strong></span> <span class='ocrx_word' id='word_1_193' title='bbox 933 3450 1034 3512; x_wconf 85' lang='lat' dir='ltr'><strong>Casir.</strong></span> <span class='ocrx_word' id='word_1_194' title='bbox 1056 3452 1083 3532; x_wconf 86' lang='grc' dir='ltr'><strong>Ι,</strong></span> <span class='ocrx_word' id='word_1_195' title='bbox 1099 3448 1174 3524; x_wconf 76' lang='grc'><strong>341,</strong></span> 
     </span>
     <span class='ocr_line' id='line_1_30' title="bbox 172 3554 1174 3639; baseline 0.005 -27"><span class='ocrx_word' id='word_1_196' title='bbox 172 3561 205 3613; x_wconf 90' lang='lat' dir='ltr'><strong>et</strong></span> <span class='ocrx_word' id='word_1_197' title='bbox 226 3554 370 3635; x_wconf 86' lang='lat' dir='ltr'><strong>Nairizii,</strong></span> <span class='ocrx_word' id='word_1_198' title='bbox 394 3557 447 3636; x_wconf 90' lang='lat' dir='ltr'><strong>qui</strong></span> <span class='ocrx_word' id='word_1_199' title='bbox 470 3557 562 3617; x_wconf 86' lang='lat' dir='ltr'><strong>tertio</strong></span> <span class='ocrx_word' id='word_1_200' title='bbox 584 3558 625 3617; x_wconf 89' lang='lat' dir='ltr'><strong>H.</strong></span> <span class='ocrx_word' id='word_1_201' title='bbox 648 3559 777 3617; x_wconf 84' lang='lat' dir='ltr'><strong>sacculo</strong></span> <span class='ocrx_word' id='word_1_202' title='bbox 800 3556 924 3639; x_wconf 85' lang='lat' dir='ltr'><strong>floruit,</strong></span> <span class='ocrx_word' id='word_1_203' title='bbox 972 3560 1065 3619; x_wconf 88' lang='lat' dir='ltr'><strong>etiarn</strong></span> <span class='ocrx_word' id='word_1_204' title='bbox 1092 3558 1174 3621; x_wconf 84' lang='lat' dir='ltr'><strong>aiian</strong></span> 
     </span>
     <span class='ocr_line' id='line_1_31' title="bbox 171 3658 1172 3729; baseline 0.009 -9"><span class='ocrx_word' id='word_1_205' title='bbox 171 3658 254 3720; x_wconf 88' lang='lat' dir='ltr'><strong>duae</strong></span> <span class='ocrx_word' id='word_1_206' title='bbox 275 3662 382 3723; x_wconf 86' lang='lat' dir='ltr'><strong>factae</strong></span> <span class='ocrx_word' id='word_1_207' title='bbox 403 3672 485 3725; x_wconf 90' lang='lat' dir='ltr'><strong>suut.</strong></span> <span class='ocrx_word' id='word_1_208' title='bbox 527 3664 669 3724; x_wconf 88' lang='lat' dir='ltr'><strong>Alteram</strong></span> <span class='ocrx_word' id='word_1_209' title='bbox 691 3662 853 3727; x_wconf 78' lang='lat' dir='ltr'><strong>Mimimis</strong></span> <span class='ocrx_word' id='word_1_210' title='bbox 881 3666 969 3726; x_wconf 90' lang='lat' dir='ltr'><strong>iussu</strong></span> <span class='ocrx_word' id='word_1_211' title='bbox 999 3685 1081 3727; x_wconf 91' lang='lat' dir='ltr'><strong>anno</strong></span> <span class='ocrx_word' id='word_1_212' title='bbox 1107 3666 1172 3729; x_wconf 66' lang='lat'><strong>212</strong></span> 
     </span>
     <span class='ocr_line' id='line_1_32' title="bbox 172 3766 1175 3852; baseline 0.009 -26"><span class='ocrx_word' id='word_1_213' title='bbox 172 3766 212 3828; x_wconf 86' lang='lat' dir='ltr'><strong>ab</strong></span> <span class='ocrx_word' id='word_1_214' title='bbox 233 3766 382 3828; x_wconf 71' lang='lat' dir='ltr'><strong>Athones</strong></span> <span class='ocrx_word' id='word_1_215' title='bbox 399 3772 443 3849; x_wconf 76' lang='lat' dir='ltr'><strong>fit.</strong></span> <span class='ocrx_word' id='word_1_216' title='bbox 465 3771 604 3848; x_wconf 80' lang='lat' dir='ltr'><strong>Joneptu&#39;</strong></span> <span class='ocrx_word' id='word_1_217' title='bbox 623 3778 656 3831; x_wconf 88' lang='lat' dir='ltr'><strong>et</strong></span> <span class='ocrx_word' id='word_1_218' title='bbox 674 3771 787 3849; x_wconf 63' lang='lat' dir='ltr'><strong>Seruio</strong></span> <span class='ocrx_word' id='word_1_219' title='bbox 804 3775 849 3852; x_wconf 81' lang='lat' dir='ltr'><strong>fit.</strong></span> <span class='ocrx_word' id='word_1_220' title='bbox 871 3775 953 3835; x_wconf 76' lang='lat' dir='ltr'><strong>mae</strong></span> <span class='ocrx_word' id='word_1_221' title='bbox 993 3773 1175 3837; x_wconf 78' lang='lat' dir='ltr'><strong>Christiano</strong></span> 
     </span>
    </p>
   </div>
   <div class='ocr_carea' id='block_1_6' title="bbox 0 0 1243 4500">
    <p class='ocr_par' dir='ltr' id='par_1_6' title="bbox 0 0 1243 4500">
     <span class='ocr_line' id='line_1_33' title="bbox 0 0 1243 4500; baseline 0 0"><span class='ocrx_word' id='word_1_222' title='bbox 0 0 1243 4500; x_wconf 95' lang='lat' dir='ltr'><strong> </strong></span> 
     </span>
    </p>
   </div>
  </div>
 </body>
</html>
