2474 4500
567 302 774 365 ...lg-

181 503 288 546 eorum
316 484 377 547 llos
406 482 560 566 curavit,
589 482 707 565 ubique
731 479 855 545 indoles
883 479 1037 545 Semitica
1056 478 1146 541 tntae

181 599 215 652 et
234 591 397 655 immutata
417 609 526 653 rursus
545 598 729 672 appareret3
751 608 834 672 quae
861 608 916 651 res
944 589 1042 651 ctiam
1072 604 1094 649 a
1120 605 1146 647 rr

180 702 375 763 comissimis
405 701 474 763 eius
503 702 654 763 historiae
689 700 894 782 scriptoribus
927 698 1066 761 nondum
1093 696 1146 759 iuc

179 810 356 869 observata
376 810 449 869 eot'.
491 809 598 871 Etiam
624 809 751 871 Arabes
777 808 809 867 in
838 805 949 869 Sindia
976 804 1146 886 potiminru

179 917 210 977 in
232 915 360 977 urbibus
381 916 486 978 firmae
505 925 738 1001 congregatos,
759 923 792 977 et
812 933 866 976 res
887 914 958 995 ipsa
979 912 1043 975 fort
1062 920 1098 973 et
1122 910 1145 973 b

178 1023 278 1085 etoria
308 1022 412 1086 docet.
453 1024 608 1086 Veterem
642 1023 753 1085 urbem
781 1023 931 1103 Aloram,
973 1019 1058 1102 quod
1085 1037 1146 1102 reg.

179 1136 276 1208 caput
295 1129 398 1190 fuisse
412 1129 550 1215 videtur,
571 1129 816 1210 destruxerunt,
848 1137 881 1189 et
908 1148 949 1191 cx
977 1129 1047 1191 ciue
1075 1127 1146 1189 rulrr

176 1235 345 1299 aedificata
366 1245 418 1298 est
437 1237 544 1299 Bekir
564 1238 652 1320 urbs,
674 1245 810 1317 quatuor
836 1235 905 1297 lere
930 1234 1072 1297 milliaria
1100 1232 1146 1297 Ar

173 1345 259 1427 glica
279 1346 319 1407 ab
340 1365 381 1409 ea
410 1346 531 1407 distans
539 1343 562 1406 ².
603 1347 794 1409 Provinciae
821 1353 918 1427 caput
944 1345 1079 1425 eiusque
1108 1362 1146 1427 gt

174 1452 374 1515 bernatorum
394 1452 491 1516 sedes
511 1453 571 1516 fuit
590 1451 763 1539 Maucdra,
785 1454 859 1516 urbs
880 1453 1117 1537 florentissima,
1139 1452 1146 1513 i

173 1564 401 1646 longitudinem
423 1572 456 1626 el
476 1564 668 1628 latitudinem
688 1587 746 1647 per
764 1567 896 1628 milliare
916 1561 1062 1646 patens³.
1098 1566 1146 1627 No

172 1692 246 1735 men
269 1674 395 1754 accepit
416 1683 470 1736 aut
487 1673 676 1758 aManpdro
696 1677 758 1738 beu
774 1662 939 1758 G'ambur‚
961 1673 1146 1756 Umayyadr

172 1804 240 1845 rum
250 1777 456 1866 praenotet,
479 1793 535 1846 aut
548 1787 745 1848 inhonorem
759 1780 919 1866 Maupdrl,
937 1782 1070 1845 secundi
1086 1782 1146 1845 lilio

171 1891 247 1955 litae
263 1891 460 1976 Abbdsidae‚
483 1894 523 1955 ab
545 1894 665 1958 Omaro
685 1894 746 1955 ben
766 1893 857 1976 Hafp'
876 1892 922 1953 ita
935 1892 1096 1973 appellata
1107 1908 1146 1953 ee¹

170 1999 280 2060 Minus
300 1998 460 2079 probabile
487 2008 559 2083 est,
591 2021 662 2063 eam
689 2001 734 2062 ita
761 2007 910 2060 vocatam
935 1999 1056 2082 luisse,
1097 1998 1146 2081 qui

171 2111 299 2172 Arabes
318 2109 350 2171 iu
371 2111 440 2172 eius
460 2113 698 2193 expugnatione
719 2110 882 2172 clamariut
903 2106 991 2211 [isaei
1001 2115 1146 2173 clami

170 2234 354 2315 Antiquitas
374 2231 506 2298 Birdnio
528 2232 633 2297 teste⁷
653 2231 839 2296 Yamanhdr
861 2233 946 2295 dicta
962 2232 1033 2317 fuit,
1053 2238 1146 2313 poete

170 2333 395 2422 Hamndbdd³3
418 2340 476 2402 lbn
496 2341 629 2422 Hauqal·
645 2342 675 2403 ei
696 2340 827 2404 Sindice
846 2361 962 2404 nomeu
974 2341 1074 2403 fulmo
1089 2338 1146 2401 die:

169 2444 370 2546 Obolpolffl.
411 2448 494 2511 Eam
514 2466 575 2511 suo
603 2458 747 2531 tempore
775 2449 909 2513 dirutam
934 2450 1038 2512 fuisse
1063 2468 1146 2513 narra

169 2552 322 2653 qudt¹⁶.

172 2728 403 2747 Μ

186 2845 216 2904 l)
233 2844 276 2897 cf.
301 2846 383 2897 acuta
403 2840 435 2891 0.
456 2838 567 2893 Milleri
588 2844 623 2893 de
644 2856 679 2894 en
702 2858 733 2897 re
755 2848 895 2912 expositio.
918 2850 991 2903 ctat.
1014 2832 1075 2905 Gal.
1096 2856 1146 2923 Ap,

235 2933 316 2985 1837.
336 2949 362 2996 p.
378 2932 441 2985 562.
458 2944 517 2994 sqq.

182 3025 214 3085 Β)
232 3028 366 3077 M’Murdo
384 3021 429 3073 29·
447 3024 510 3073 2³2·
526 3024 590 3088 235,
609 3008 653 3075 nbi
671 3037 705 3073 ex
723 3026 820 3077 Tolrfat
837 3030 951 3093 algiranl
973 3033 1085 3094 primum
1107 3032 1146 3083 0111

231 3127 332 3165 nomen
347 3112 470 3163 uernuta
491 3112 575 3162 luisse
599 3116 627 3162 et
644 3113 760 3165 alterum
776 3115 866 3168 unior
882 3122 984 3185 aliquot
999 3126 1076 3175 mnis
1088 3128 1146 3189 post

232 3220 311 3270 quom
327 3205 436 3255 condita
451 3204 532 3253 tuterit
548 3217 566 3254 a
585 3206 710 3268 sayytdo
730 3209 918 3262 Mubammede
930 3208 1005 3265 maloi
1016 3216 1043 3266 ci
1053 3216 1146 3269 inditur

230 3312 292 3351 cese
308 3301 445 3348 narratur.

182 3406 213 3477 o)
229 3399 310 3480 ὁρ,
327 3419 440 3471 quorum
466 3400 558 3478 belsa
584 3412 697 3473 gradum
720 3414 895 3470 constituunt.
927 3420 958 3468 ld
981 3414 1092 3475 traduat
1113 3426 1146 3475 lb

230 3514 338 3577 flauqal
355 3518 382 3564 et
399 3514 555 3579 Qazvlnlus.

179 3635 212 3693 4)
227 3623 366 3684 Monddlus
390 3634 460 3695 apud
487 3635 529 3684 Da
554 3636 676 3700 (luignea
699 3641 761 3690 Not.
787 3646 814 3693 et
828 3645 907 3699 Extr.
930 3650 954 3715 l,
977 3650 1019 3702 10.
1041 3652 1103 3704 col.
1126 3666 1146 3705 a·

229 3721 335 3783 Alltag.
355 3734 381 3783 p.
404 3723 449 3771 llll.
483 3726 515 3782 6)
538 3727 613 3776 Aulai
635 3733 706 3792 apud
730 3734 821 3785 Abull.
844 3737 937 3788 aetoli.
960 3739 987 3792 itt
1009 3740 1146 3811 uinculum

231 3812 358 3877 magenta
374 3818 428 3868 cet.
444 3817 492 3867 Ν.
510 3819 571 3873 dcli.
589 3818 737 3885 Quaviniur
756 3840 779 3878 s.
795 3841 823 3880 v.
837 3826 976 3899 mnatre.
