2474 4500
499 338 725 403 ,133-

67 599 69 607 ¹
138 525 243 589 eiusad
264 524 359 608 signa
378 524 530 587 austruiia
551 522 716 585 transitum
733 521 908 583 invertatur
924 530 1029 582 terrae
1042 519 1113 580 oul-
1233 604 1236 609 Ι

72 707 76 715 Ι
137 636 184 712 tus,
202 632 246 693 ita
265 640 303 693 ut
323 630 409 692 oultu
429 630 507 692 dant
526 631 643 691 inculta
668 637 700 688 et
720 628 838 689 inculta
858 628 957 712 euita,
988 644 1028 686 ae
1055 643 1114 686 se-

136 738 249 815 ptentrio
269 738 300 798 in
321 736 483 798 meridiem
503 745 536 798 et
556 733 704 797 meridies
726 737 757 796 in
778 736 1026 814 septentrionem
1043 752 1115 795 mu-

135 846 208 903 tetur.
249 843 285 901 In
314 840 409 902 domo
437 858 534 902 aurea
559 839 600 900 de
630 840 731 919 prima
759 841 889 920 periodo
931 848 963 902 et
993 837 1116 920 epocha

133 947 343 1029 antiquissimu,
366 942 459 1028 quam
480 947 549 1009 Indi
570 948 600 1008 in
622 947 755 1010 historia
775 956 907 1011 vetusta
928 956 1116 1029 sequuntur,

67 1044 78 1137 ,³
131 1048 218 1135 daque
238 1055 309 1115 eius
331 1055 360 1114 in
384 1054 474 1116 ludia
493 1072 572 1135 prae
593 1055 709 1116 ceteris
731 1055 823 1116 terris
833 1054 920 1115 initio
934 1063 1118 1135 computum

67 1151 69 1185 ³
129 1157 266 1240 iostiurit3
297 1162 399 1223 muita
421 1161 503 1221 enirn
526 1158 566 1221 de
598 1160 750 1240 temporis
779 1158 957 1240 primordiis
987 1158 1118 1220 tradunt

67 1268 72 1291 ¹
126 1264 199 1347 ndi,
239 1284 322 1347 quae
343 1284 424 1347 uos,
458 1284 554 1349 quum
576 1268 606 1326 iu
627 1265 691 1327 hoo
711 1266 789 1327 libro
811 1285 864 1328 res
889 1285 1037 1328 enarrare
1056 1285 1118 1325 ne-

123 1390 177 1454 que
196 1374 371 1454 disquirere
392 1382 426 1436 et
445 1371 611 1454 disputare
631 1375 778 1454 velimus,
807 1369 939 1453 def-{eius
960 1375 1006 1434 rei
1028 1392 1119 1434 sum-

120 1480 251 1543 ma‘iam
274 1480 306 1541 in
325 1480 403 1542 libro
425 1489 534 1542 nostro
557 1479 666 1542 Medio
689 1481 799 1563 loeuti,
822 1481 874 1542 hie
896 1481 1078 1541 omittimus.
1122 1462 1125 1469 Δ

198 1590 282 1653 Sunt
301 1590 382 1652 inter
399 1589 514 1670 ludos,
537 1589 591 1668 qui
618 1598 741 1671 putent,
773 1588 950 1670 quibusque
978 1596 1115 1668 septua-

115 1695 207 1778 ginta
241 1695 382 1756 millibus
412 1694 667 1756 hizarvdnorum
695 1694 844 1757 muudum
876 1693 979 1755 denuo
1009 1691 1119 1770 ordiri3

114 1820 155 1863 eo
177 1802 261 1862 enim
282 1802 386 1882 spatio
409 1803 530 1884 elapso,
552 1801 687 1882 restitui,
711 1800 922 1881 quodeunque
945 1798 1120 1887 exstiterit3

116 1907 223 1970 denuo
245 1910 385 1971 existere
407 1910 602 1992 progeniem,
625 1908 728 1970 denuo
749 1906 840 1988 pasei
866 1905 1028 1986 pecudes,
1057 1905 1120 1965 flu-

113 2014 219 2077 otuari
237 2030 352 2096 aquae,
374 2014 521 2075 incedere
541 2015 678 2092 belluas,
700 2013 880 2093 germinare
899 2009 1032 2093 herbas,
1055 2026 1120 2070 au·

67 2159 69 2164 -
102 2136 185 2179 ram
205 2119 342 2198 perflare
370 2127 496 2180 ventos.
540 2118 661 2180 Contra
688 2118 810 2196 plurimi
830 2124 975 2177 statuunt
1001 2114 1121 2176 reditus

112 2244 220 2287 rerum
241 2224 417 2286 seeundum
437 2226 585 2306 periodos
602 2224 799 2305 evenientes,
814 2223 971 2306 forma,vi
988 2230 1020 2282 et
1035 2240 1120 2301 que-

113 2328 206 2391 litate
225 2329 307 2390 inter
326 2348 365 2391 se
385 2326 534 2391 similos!
575 2329 612 2391 ld
634 2331 898 2391 circumscribunt
920 2329 1055 2389 termino
1077 2345 1118 2389 ao

112 2444 258 2516 tempore
275 2436 409 2498 definito
443 2444 540 2516 etque
567 2433 731 2516 periodum
760 2437 931 2497 maximam
961 2442 1118 2514 statuunt,

114 2562 212 2626 quam
233 2544 332 2605 vitam
352 2544 460 2605 mundi
480 2543 650 2626 appellant,
674 2552 707 2605 et
729 2544 781 2604 eui
799 2543 966 2623 assignant
981 2542 1120 2621 spatium

115 2668 270 2723 annorum
291 2651 421 2731 triginta
442 2669 503 2711 sex
530 2651 658 2710 millium
687 2649 859 2710 duodecies
887 2647 1000 2707 millies
1030 2666 1121 2707 sum-

116 2766 262 2839 ptorum3
284 2759 348 2819 hoe
368 2757 452 2837 apud
474 2774 532 2818 eoo
556 2763 608 2817 est
629 2754 866 2832 hazarvinum,
902 2751 987 2831 quod
1016 2769 1119 2811 rerum

115 2864 206 2925 vires
233 2880 346 2925 omues
380 2859 617 2942 comprehendit
646 2866 679 2920 et
707 2857 801 2939 regit.
845 2854 1031 2942 Seeundum
1060 2873 1122 2933 pe·
1170 2856 1180 2865 “

112 2967 223 3031 riodos
261 2987 335 3051 res,
377 2985 587 3049 quaeeunque
622 2967 662 3026 iis
705 2965 924 3045 eontinentur,
964 2970 996 3023 et
1030 2963 1122 3043 ipsae

113 3073 330 3138 extenduntur
366 3077 418 3135 vel
457 3074 695 3151 deminuuntur3
749 3090 822 3133 uam
863 3071 953 3131 vitae
988 3071 1021 3130 in
1060 3070 1123 3130 ini-

112 3185 158 3245 tio
178 3182 302 3245 reditus
323 3182 440 3263 longae
463 3190 554 3263 sunt,
597 3182 671 3262 quia
700 3191 776 3243 tuno
803 3179 922 3261 periodi
950 3180 1120 3241 dilatantur

114 3296 150 3351 et
171 3289 263 3349 vires
291 3288 405 3368 vigore
426 3289 557 3367 polient;
580 3295 613 3348 at
635 3287 753 3348 breves
773 3287 852 3347 flunt
881 3286 912 3346 in
942 3286 1006 3346 fine
1034 3284 1120 3346 redi-

115 3408 179 3472 tus,
202 3397 279 3459 dum
298 3395 450 3476 periodus
472 3402 613 3458 arctatur
634 3401 668 3454 et
687 3393 861 3474 redituum,
897 3392 1021 3472 quibus·
1033 3393 1121 3452 vitae

113 3506 254 3588 spatium
290 3503 498 3583 deminuam,
541 3517 693 3561 numerus
730 3505 873 3579 augetur.
920 3497 1008 3558 Nam
1035 3498 1124 3558 vires
1220 3557 1228 3571 ‚

119 3636 355 3653 Μ

127 3714 161 3771 2)
179 3715 255 3762 Loco
284 3714 379 3772 aperte
408 3721 463 3760 nou
490 3720 603 3769 prorsus
633 3705 740 3769 integro
767 3702 810 3753 irio
832 3712 929 3752 seusus
960 3703 1050 3755 inesse
1080 3707 1123 3756 vl.

185 3804 274 3851 detur.
