2474 4500
570 284 776 347 ..22...

180 468 277 554 igitur
293 466 426 533 historia
444 468 491 531 ita
508 463 723 531 adumbrenda
743 474 803 529 est.
823 464 905 529 Post
925 465 1056 529 Aloram
1074 484 1170 529 evor-

179 598 251 643 sam
272 586 439 643 exstructa
457 582 510 639 est
528 575 561 637 in
581 576 684 639 insula
702 584 738 637 et
757 576 822 637 situ
843 574 1010 638 eommoda
1037 583 1071 639 et
1090 576 1170 640 satis

178 685 317 765 munita3
338 684 399 747 sub
419 683 578 747 Arabibus
598 682 703 745 floruit
720 681 847 744 nomino
865 678 1058 765 Manpdra03
1078 688 1171 763 post·

179 811 276 877 quam
294 792 416 855 illorum
436 791 579 853 oessavit
598 790 775 874 imperium,
806 809 863 871 per
890 790 1017 874 aliquod
1044 799 1171 873 tempus

179 899 328 963 decrevit
341 898 406 982 vel,
427 896 602 961 seeundum
623 895 797 980 quirtnm,
818 896 1008 979 depopulata
1023 899 1093 963 fuit.
1104 900 1172 963 Po·

177 1014 251 1069 stea
270 1013 397 1087 propter
425 1005 521 1067 situm
551 1004 840 1068 eommodissimum
867 1024 930 1069 non
961 1007 1065 1089 potuit
1100 1006 1172 1089 quin

178 1112 281 1175 denuo
301 1111 406 1194 magis
424 1111 622 1196 incoleretur,
649 1111 710 1175 sed
734 1132 848 1177 nomen
875 1111 1055 1197 Manpdrao
1083 1115 1172 1177 Ara·

177 1221 268 1286 bibus
287 1229 409 1285 tantum
430 1220 626 1283 conveniens
645 1238 778 1302 prorsus
798 1220 955 1284 intercidit
981 1239 1023 1284 ao
1046 1220 1172 1304 wlgari

173 1334 282 1414 eoepit
303 1351 417 1395 nomon
437 1330 555 1407 Babdr,
577 1331 648 1393 sivo
667 1330 731 1393 hoo
751 1330 814 1394 iam
834 1338 929 1395 vetus
954 1350 1070 1393 nomen
1099 1330 1170 1415 furit,

175 1442 252 1504 sive
271 1451 348 1503 tono
368 1437 493 1502 demum
517 1439 585 1503 urbi
610 1438 752 1502 inditum.
792 1442 843 1503 Ita
870 1441 944 1503 visa
971 1449 1024 1503 est
1049 1440 1090 1503 ab
1115 1440 1171 1505 Ibo

174 1545 339 1612 llathdtba
358 1557 392 1611 et
413 1546 454 1609 ad
472 1554 614 1610 nostram
632 1564 734 1627 usque
755 1553 894 1610 aetatem
912 1547 1049 1628 mansit,
1077 1554 1174 1627 post-

173 1676 271 1742 quam
280 1656 603 1739 peraliquodtempus
612 1656 707 1718 etiam
718 1656 887 1736 singularis
897 1655 987 1737 regni
995 1654 1092 1717 sodes
1105 1654 1170 1717 furit.

256 1763 294 1823 Iu
314 1761 552 1844 septentrionali
572 1761 756 1841 provinciae
776 1768 867 1841 parte
886 1761 1057 1842 praeeipua
1081 1762 1170 1825 Ars-

172 1868 249 1933 bum
268 1871 343 1933 urbs
364 1878 434 1933 erat
453 1869 588 1952 Multdn,
609 1888 702 1951 qnam
722 1869 783 1949 ipsi
796 1868 855 1931 soli
876 1876 1087 1952 oeeuparunt,
1112 1871 1170 1933 In-

172 1978 224 2042 dis
236 1998 343 2044 arcem
363 1987 483 2041 tantum
503 1977 759 2060 inhabitantibus,
778 1976 811 2041 in
831 1976 1103 2039 australiDaibala
1114 1996 1171 2059 per

172 2086 257 2151 mne
283 2094 423 2150 aetatem
449 2086 566 2147 mansit
599 2086 788 2169 emporium,
827 2082 913 2165 quod
942 2082 1068 2147 demum
1094 2090 1171 2165 port
1207 2100 1212 2115 ·

171 2191 315 2255 Arabum
335 2199 462 2271 tempus
482 2193 586 2252 locum
606 2191 749 2252 mutrwit.
790 2190 848 2251 Ibn
875 2188 1055 2255 Bathirthae
1083 2198 1169 2255 tenr-

172 2319 250 2383 pore
270 2298 302 2361 id
321 2300 384 2361 iam
411 2297 469 2362 fuit
496 2298 626 2380 Irahari,
654 2306 770 2379 postea
795 2299 879 2361 aliae
915 2300 1021 2363 urbes.
1062 2300 1168 2363 Prae-

171 2416 262 2469 terea
280 2405 405 2467 Arabes
426 2404 595 2485 praecipue
614 2404 646 2465 in
667 2404 745 2466 urbe
765 2401 868 2466 Alrim
887 2392 1063 2490 velA'zirr,
1076 2406 1169 2469 Mul-

169 2513 280 2575 tdnam
292 2511 373 2573 inter
386 2520 419 2573 ot
431 2508 622 2594 Manpinam
642 2512 717 2593 sita,
738 2518 772 2575 et
784 2512 816 2573 in
838 2512 914 2574 urbe
930 2510 1043 2597 Birim,
1063 2512 1169 2577 media

171 2621 225 2682 via
242 2620 324 2681 mter
343 2620 426 2681 hane
443 2628 481 2681 et
501 2620 665 2682 Daibalam
686 2618 726 2682 ad
747 2621 858 2685 Indum
879 2623 952 2707 sita,
975 2621 1135 2704 degebant
1146 2622 1167 2685 ¹.

253 2725 383 2790 Sindiae
404 2747 461 2808 per
480 2726 543 2788 hoe
563 2734 688 2807 tempus
708 2726 871 2790 historiam
903 2728 1059 2790 delineare
1081 2726 1168 2789 diffi-
1193 2702 1198 2713 .

169 2834 231 2894 olle
252 2839 304 2894 est
311 2850 320 2913 3
344 2850 439 2913 quum
462 2850 502 2893 ea
521 2831 579 2894 vix
600 2830 833 2913 apudArabnm
854 2830 1024 2894 historicos
1040 2851 1166 2901 memo·

167 2947 266 3022 retur,
284 2938 400 3021 quippe
420 2956 503 3021 quae
521 2946 651 3023 propter
670 2938 766 3001 situm
786 2940 955 3022 amagnis,
977 2958 1059 3021 quae
1074 2941 1167 3003 osei-

235 3168 387 3221 intervallis
411 3169 494 3220 tradit
517 3170 566 3220 Ibn
582 3169 688 3232 llauqal
710 3185 735 3234 p.
765 3172 813 3235 85,
836 3182 914 3233 quem
938 3168 1035 3233 reliqui
1056 3171 1164 3222 Arabes

232 3260 318 3312 secuti
333 3264 404 3313 sunt.
419 3254 580 3327 Maupdram
598 3272 615 3309 a
633 3256 756 3311 Multdna
774 3260 929 3324 duodecim,
955 3273 972 3310 a
992 3260 1106 3311 Dolbala
1127 3264 1164 3312 ad

234 3367 309 3404 ruore
321 3353 374 3403 sita
386 3366 436 3402 sex
449 3352 540 3403 diebus
556 3352 652 3402 abesse
669 3354 715 3418 ait,
734 3364 820 3414 eaque
836 3352 951 3402 definitlo
969 3353 1158 3405 annaliorum

233 3445 354 3495 looorum
378 3444 448 3495 inter
478 3440 617 3508 utramque
639 3446 751 3495 sitorum
780 3446 946 3513 intervallis,
981 3460 1050 3512 quae
1075 3446 1158 3497 variis

231 3536 299 3587 loeis
316 3536 406 3602 tradit,
432 3539 561 3586 accurate
581 3537 717 3587 convenit.
743 3538 798 3589 sed
817 3539 892 3589 nimis
912 3540 1016 3591 ineerta
1035 3538 1102 3592 talla
1120 3540 1165 3592 ln·

234 3631 385 3681 dictasunt.

184 3722 214 3781 1)
231 3724 280 3771 Ibn
296 3723 409 3787 liauqal‚
426 3722 542 3786 saepius·
558 3723 612 3773 lbn.
628 3722 703 3771 naun.
720 3736 745 3785 p.
764 3721 807 3772 1⁷.
824 3724 924 3788 Koseg.
943 3726 1005 3777 102.
1022 3728 1089 3778 Lee.

186 3814 218 3873 2)
235 3814 394 3865 Alnralriuus
417 3818 453 3865 ad
474 3829 500 3865 n.
523 3815 585 3865 101.
633 3816 664 3873 8)
689 3816 768 3879 Apud
793 3816 883 3868 Abnll.
904 3822 939 3869 11.
962 3835 987 3883 p.
1009 3823 1041 3883 ³3
1073 3832 1162 3884 neque
