2474 4500
460 326 687 395 *197*

80 526 140 569 rum
162 509 301 570 crinibus
318 511 358 573 ab
380 511 492 574 arbore
514 514 778 597 dependentium,
812 517 866 598 qui
895 516 925 577 si
953 531 1071 576 neaer-

81 621 187 693 pantur
202 615 274 676 inde
286 635 400 679 sonum
412 618 544 701 veqvaq
556 620 657 683 audiri
668 623 789 683 volunt
809 622 937 684 Incolae
945 620 1013 682 eius
1021 621 1070 681 si-

81 718 308 800 gnificationem
329 743 371 785 ex
392 733 483 805 parte
496 722 610 789 nerunt
621 738 757 807 eumque
770 746 827 808 pro
842 729 926 790 malo
938 726 1070 807 augurio

81 824 198 887 tabent.
240 816 447 891 Muhammed
481 831 542 892 ben
578 833 735 913 Zakarye
766 833 850 895 haue
882 841 997 895 terram
1025 832 1071 894 ita

81 926 146 993 linit
167 950 243 992 auru
265 933 444 1016 abundare,
472 945 506 998 nt
528 955 567 998 en
597 922 711 1023 capum
738 948 872 1001 catenas
894 949 927 1000 et
957 939 1070 1000 simia-

81 1056 140 1111 um
159 1046 291 1120 torques
312 1042 490 1117 conficiant
532 1040 632 1105 Musa
659 1044 721 1105 ben
748 1042 947 1106 Almubirak
976 1040 1070 1104 Sira-

81 1148 174 1212 'ensia
195 1158 318 1233 narrat,
352 1169 390 1212 se
419 1170 458 1211 en
486 1152 634 1231 venisse3
670 1150 819 1212 seminam
850 1150 892 1211 ibi
921 1166 1068 1233 regnare,

81 1274 165 1337 puam
186 1257 302 1317 viderit
323 1255 438 1318 nudam
458 1257 624 1319 sedentem
645 1258 677 1319 iu
705 1258 816 1319 throno
825 1300 837 1338 ‚
853 1259 985 1318 'eornna
1012 1274 1068 1317 or·
1089 1284 1100 1308 e

82 1372 191 1441 natm,
214 1365 350 1427 cinctam
375 1373 511 1446 quatuor
538 1364 675 1428 millibus
703 1365 888 1427 ancillarum
915 1361 1068 1425 nudarum

82 1470 238 1554 drginum.

152 1567 358 1660 Saurania,
388 1581 489 1644 insula
515 1582 547 1643 in
567 1583 644 1644 mari
672 1580 825 1643 Harkand
854 1581 885 1641 in
915 1578 1068 1641 extremis

82 1682 177 1748 ndiae
192 1680 348 1748 'finibus.³
369 1688 575 1749 Muhammed
601 1690 662 1751 ben
688 1689 844 1770 Zakaryd
872 1706 944 1749 eam
973 1693 1068 1746 netu-

82 1792 158 1870 ,inea
179 1811 377 1875 parasangas
399 1803 432 1855 et
459 1794 589 1875 longam
617 1804 650 1856 et
675 1798 772 1858 latam
801 1812 878 1856 esse
908 1802 941 1855 et
968 1793 1067 1854 tribus

86 1897 245 1962 abiectum
255 1902 385 1982 regibus
394 1902 498 1983 tradit,
508 1922 640 1983 quorum
648 1901 876 1982 quisquealteri
884 1897 1065 1961 hostilissit.

83 2003 118 2064 ix
139 2024 249 2066 eorum
270 2007 408 2068 moribus
430 2015 492 2090 est,
516 2007 599 2088 quod
621 2007 727 2088 quivis
747 2013 898 2086 peccator
918 2018 1067 2084 propne-

84 2118 139 2172 ato
161 2129 221 2172 sun
240 2121 364 2191 septem
393 2112 560 2176 drachmas
596 2116 725 2176 solvere
757 2112 892 2194 cogitur.
934 2110 1066 2171 Debitor

83 2219 93 2278 i
111 2236 190 2280 aere
211 2220 315 2281 alienu
336 2221 506 2284 minuenda
526 2222 724 2304 supersedit,
752 2242 810 2283 rex
831 2221 966 2300 aliquem
987 2217 1065 2279 mit-

83 2328 112 2410 it,
134 2327 188 2407 qui
210 2331 295 2389 eirea
317 2349 388 2390 eum
412 2331 525 2392 tineam
552 2329 667 2408 dunat,
702 2330 882 2407 ubieunque
910 2344 984 2388 eum
1012 2324 1114 2406 in-50

83 2434 199 2497 'enei-it
241 2434 316 2495 Non
345 2435 427 2496 enim
454 2435 552 2497 audet
580 2456 623 2496 ex
651 2433 714 2495 hon
742 2435 860 2496 nirnuln
890 2432 1062 2514 excedere,

85 2556 170 2602 oneo
190 2548 247 2601 aut
268 2540 407 2602 debitum
429 2542 562 2602 solverit
583 2548 640 2602 aut
670 2539 836 2601 credituris
864 2537 1065 2600 benevolen-

84 2664 141 2709 arn
162 2647 223 2708 sibi
244 2650 492 2728 temperaverit3
513 2667 587 2711 nam
608 2648 637 2710 si
657 2648 743 2727 prius
770 2664 927 2730 egressus
954 2648 1062 2728 fuerit,

126 3013 281 3052 sermonem
299 3000 358 3050 voni
376 3003 513 3051 turdorum
531 3000 657 3064 similem
693 3003 771 3050 erant
796 2999 889 3063 altae,
918 2999 1013 3063 nigrae
1034 3005 1062 3049 at

125 3092 236 3145 virides.

84 3195 111 3264 t)
127 3198 230 3249 Eadem
247 3199 374 3262 leguntur
382 3199 409 3248 in
416 3199 474 3249 hist
488 3204 543 3250 nat.
552 3200 572 3249 1.
581 3201 710 3262 laudatu;
729 3212 778 3262 pro
794 3183 907 3264 &piem
928 3198 983 3250 illie
1011 3213 1063 3252 aa·

127 3311 409 3392 ctornabet‘apiuam
424 3323 497 3373 mille
508 3321 702 3385 septingentas,
715 3323 763 3372 sed
774 3321 854 3370 etiam
865 3324 961 3371 eontra
972 3316 1062 3384 Baqu-

127 3429 189 3480 ium,
207 3431 247 3478 De
261 3431 347 3479 insula
353 3433 380 3478 et
392 3428 520 3480 fructibus
529 3427 563 3475 cf.
576 3423 673 3472 Nicoll.
687 3421 774 3474 Catal.
786 3424 845 3472 bibl.
858 3423 932 3475 Bodl.
954 3423 1062 3486 ww.

123 3521 185 3573 nut.
201 3520 225 3567 d.
243 3524 270 3568 et
288 3535 311 3581 p.
330 3518 393 3582 543,
412 3517 455 3567 ubi
471 3516 563 3578 plures
579 3515 632 3563 luci
656 3513 682 3563 in
704 3514 782 3563 eund.
806 3512 892 3562 oxon.
915 3525 949 3562 ea
974 3514 1008 3561 de
1029 3524 1061 3562 re

94 3597 97 3602 ¹
126 3611 242 3672 agentes
260 3609 425 3670 indicantum
442 3607 513 3656 inter
532 3604 586 3653 alia
597 3596 933 3666 numunianum,
950 3601 976 3651 id
989 3603 1061 3665 quod

124 3699 161 3746 ad
178 3698 363 3758 quaestionem
380 3711 404 3758 p.
424 3695 487 3744 124.
503 3695 632 3758 agitatam
647 3691 772 3753 pertinet.

89 3810 166 3880 >lta
182 3814 254 3875 quod
271 3812 297 3862 in
315 3815 391 3862 textu
409 3814 451 3861 eat
467 3809 608 3860 Sinurum
626 3820 661 3858 ex
678 3801 778 3870 aequin
795 3809 960 3858 emendetur.
1064 3804 1066 3811 '
