2474 4500
590 357 778 400 ‘’x—'¹

179 521 269 604 gisse
290 541 321 601 p.
340 521 390 584 84,
420 521 496 606 dixi,
517 525 581 583 iam
608 519 713 603 anno't
725 519 806 583 1836
832 521 863 580 in
895 514 1006 579 Dianio
1033 515 1180 577 Asiatico

178 626 296 690 editam
318 638 403 690 esse.
447 628 514 690 Sed
542 627 609 689 eius
636 647 676 690 ne
710 638 806 689 unum
842 623 967 706 quidem
995 623 1179 702 exemplum

177 734 321 796 Bonnam
341 736 494 815 pervenit.
517 769 559 780 -
586 737 716 798 Librum
747 735 860 815 'l'aqiid
887 731 937 810 (ἳ.)
962 752 1007 794 va
1033 731 1175 806 Shimas,

179 839 215 900 cf
265 839 348 917 .90,
371 857 455 900 nunc
476 849 565 901 certe
586 839 728 902 indicare
750 858 903 922 possum,
936 846 1106 919 postquam
1137 837 1179 898 ad

177 859 431 1008 rrupadveotum
454 955 507 1007 est
527 955 679 1009 octavum
700 949 849 1010 volumen
872 947 1017 1008 editionis
1045 926 1088 1026 rnj
1117 964 1177 1006 no·

178 1052 276 1113 etium
296 1031 540 1117 Habieirtianae.
584 1052 678 1130 Quae
700 1038 782 1114 enim
804 1055 904 1135 prima
930 1053 961 1113 in
993 1071 1032 1113 eu
1063 1051 1180 1132 iegitur

177 1156 308 1219 historia
359 1176 434 1240 pag.
478 1152 600 1239 t-Lur,
623 1158 692 1218 siue
714 1157 809 1219 dubio
831 1160 858 1219 is
880 1158 957 1219 iiber
979 1165 1030 1218 est
1040 1200 1052 1238 ,
1082 1163 1178 1236 quem

176 1274 293 1319 revera
313 1256 453 1318 indicum
473 1275 551 1318 esse
573 1258 742 1318 confestim
772 1258 972 1338 intelligitur,
1024 1257 1096 1338 regi
1116 1275 1179 1317 no-

176 1377 249 1423 men
269 1363 311 1425 ibi
334 1371 385 1424 est
404 1365 503 1430 siais.
525 1392 567 1412 -·
587 1364 743 1446 Reliquis,
765 1384 847 1446 quae
869 1363 910 1426 de
928 1362 1075 1425 Indorum
1091 1365 1178 1426 libris

98 1497 105 1511 ·
176 1482 258 1543 inter
278 1484 406 1545 Arabes
429 1486 512 1546 notis
537 1484 615 1566 dixi,
638 1485 817 1548 addendum
840 1493 903 1567 est,
927 1487 1022 1547 otium
1038 1486 1179 1565 scripto·

175 1612 243 1655 rem
264 1591 304 1654 de
325 1612 361 1654 re
382 1594 505 1655 rustica
524 1594 644 1656 laudari
671 1597 702 1655 in
724 1596 810 1656 eiaru
841 1595 892 1654 iiie
920 1593 977 1653 ibn
1003 1592 1179 1659 Alavvami

176 1697 217 1759 de
238 1699 435 1781 agricultura
456 1718 566 1782 opere,
590 1712 624 1762 ut
647 1701 742 1762 video
766 1720 808 1761 ex
833 1699 949 1762 Casirii
969 1698 1039 1761 bibl.
1061 1699 1176 1760 Eseur.

174 1793 399 1894 1,‘32'5(nam
421 1815 462 1876 ad
484 1817 584 1896 ipsam
616 1814 721 1894 operis
751 1813 921 1875 editionem
949 1812 1178 1874 Madritensem

175 1916 279 1980 aditus
299 1939 362 1980 non
385 1922 499 1999 patet).
525 1921 575 1981 -loi
589 1919 773 1981 nominatur
796 1923 952 2020 wistan,
974 1918 1175 1987 Molirurr'us,

174 2024 303 2080 rmtiune
336 2023 456 2094 Indue,
509 2027 665 2082 vetustate
713 2041 752 2081 ue
793 2026 843 2080 rei
874 2024 1017 2080 rusticae
1060 2021 1178 2096 peritia

175 2126 296 2187 clerus.

256 2235 338 2314 Pag.
362 2235 423 2297 106
443 2238 488 2297 ita
509 2255 579 2299 sum
601 2237 741 2321 loeutus,
764 2257 804 2300 ae
826 2242 855 2300 si
876 2239 956 2299 inter
970 2255 1081 2298 omnes
1095 2252 1179 2296 eon-

172 2349 273 2402 staret
279 2386 290 2423 ,
326 2345 452 2405 Arabes
480 2346 630 2407 Indorum
658 2346 882 2406 astronomiam
924 2343 1086 2425 cognitam
1115 2337 1179 2401 ira·

173 2438 295 2531 buisse,
317 2458 489 2530 antequam
511 2452 729 2513 Ptolemaeum
756 2450 899 2510 insuam
931 2448 1072 2529 linguam
1098 2463 1179 2505 vor-

171 2556 277 2616 terint.
319 2557 387 2617 Iam
408 2566 516 2618 autem
544 2559 625 2636 vidi,
664 2578 764 2639 nuper
799 2557 1005 2618 Idelerum
1041 2555 1093 2623 V„
1124 2553 1177 2618 Cl.

173 2673 205 2725 et
232 2665 314 2726 inter
350 2647 551 2730 astronomos
589 2671 685 2730 etiam
725 2669 855 2750 linguae
884 2666 1044 2727 Arabicae
1064 2664 1179 2745 peritia

171 2773 311 2833 maxime
325 2776 545 2858 conspicuum,
562 2777 593 2837 in
611 2775 896 2855 commentatione,
925 2791 1017 2853 quam
1047 2767 1090 2832 de
1111 2770 1179 2830 uri·

171 2882 247 2962 gine
272 2883 396 2943 zodiaei
424 2886 571 2964 scripsit,
601 2906 630 2965 p.
653 2886 692 2966 7,
748 2883 939 2944 corrtrarium
979 2879 1177 2959 asseruisse,

172 2987 285 3048 saitem
301 2987 341 3049 de
349 2995 512 3070 naoeutris,
522 2991 595 3048 sive
607 2993 750 3050 &midas
759 2992 940 3068 lunaribus,
949 3004 1031 3066 quae
1044 2985 1089 3045 ita
1101 3001 1178 3045 curn

171 3093 393 3158 tetalndorum
408 3097 601 3157 astronomia
618 3096 801 3178 cohaerent,
817 3104 852 3156 ut
866 3094 994 3154 Arabes
1009 3109 1066 3153 eas
1082 3089 1179 3151 simui

172 3219 245 3263 eum
254 3202 374 3281 reliqua
382 3204 576 3264 astronomia
585 3204 768 3283 acceperint
780 3219 915 3262 neeesse
923 3199 975 3260 sit.
993 3195 1086 3260 Unde
1095 3214 1178 3275 ope·

170 3327 227 3369 rae
235 3310 366 3388 pretium
376 3309 470 3391 duco,
479 3309 563 3370 hane
576 3328 642 3369 rem
655 3309 792 3388 pluribus
800 3306 1176 3386 exp0110r0.Annus‚quo

170 3415 375 3477 Muhammed
385 3417 529 3477 Aliazari
538 3415 745 3476 Sindhindum
754 3398 980 3493 interpretatus
989 3419 1051 3485 est,
1062 3429 1104 3471 ex
1114 3408 1177 3471 ΑΙ-

170 3513 1174 3601 koithiiloeoapudmep.102exhibitocertusiit3'fuiteentesi·

170 3652 240 3695 mus
252 3634 535 3715 quinquagesimus
543 3640 669 3712 sextus,
679 3625 1177 3712 regnanteManodrokhalifaa

170 3761 232 3823 quo
253 3744 351 3823 quum
372 3740 449 3803 liber
470 3740 598 3821 publiea
620 3738 813 3801 auctoritate
842 3736 1010 3797 donaretur
1039 3731 1112 3793 inde
1134 3731 1175 3793 ab

170 3869 210 3913 eo
235 3858 378 3930 tempere
414 3846 562 3908 Indorum
591 3844 631 3906 de
669 3843 827 3906 sideribus
855 3842 1000 3904 doctrina
1026 3839 1175 3903 omnibus
