2474 4500
564 232 768 295 -24-

168 416 275 479 ximus
294 417 349 497 qui
370 424 634 479 commemoratur
652 423 758 477 rootor
784 412 845 475 fuit
865 410 984 475 David
1005 410 1067 476 ben
1088 408 1156 473 Yo-

167 524 222 589 uid
242 526 304 587 ben
324 523 666 605 Mazthuhauibido,
687 523 727 585 ab
748 520 880 595 florino
901 518 1058 583 Alrashid
1076 536 1157 581 anuo

170 634 231 697 184
250 634 325 709 (irre.
343 630 394 695 31.
415 632 481 693 Ian.
500 632 583 705 800]
603 631 725 713 regioni
746 630 928 711 praefectus
938 629 957 690 ¹.
989 631 1028 689 ln
1050 625 1159 697 distri-

168 739 297 803 butione
316 739 398 801 inter
418 738 500 802 filios
521 735 645 800 Horimi
664 739 752 799 faeta
772 756 853 799 anno
877 736 938 799 186
958 737 1034 827 (ino.
1054 736 1085 797 0.
1098 734 1162 795 Ian.

168 844 260 925 802.)
284 844 395 909 Sindia
402 865 474 908 oum
488 847 608 928 relique
616 845 758 907 orientali
772 854 862 925 parte
870 844 969 906 cessit
977 838 1131 905 blimrino
1139 834 1163 923 ²,

168 972 213 1017 ex
239 955 329 1017 ouius
356 962 498 1035 tempore
524 953 616 1015 nobis
650 926 817 1033 apud‘ibn
852 947 1056 1013 Khaldimum
1090 966 1163 1011 ser-

169 1070 249 1125 vata
275 1070 329 1123 ast
358 1062 556 1143 consignatio
577 1060 786 1142 vectigalium
806 1079 848 1121 ex
869 1059 1004 1140 siugulis
1029 1055 1163 1139 prouin-

171 1171 231 1233 ciis
250 1170 456 1254 redeuntium,
477 1172 559 1233 inter
580 1186 660 1251 quas
682 1168 794 1232 Sindia
813 1166 950 1229 mediam
965 1166 1034 1229 fere
1048 1162 1166 1225 draob-

170 1295 293 1340 marum
312 1296 467 1341 summam
487 1280 677 1360 pensitabat,
699 1295 814 1358 nempe
836 1272 1033 1361 11,500,0u0
1041 1266 1063 1333 ³.
1098 1270 1167 1333 'io-

170 1390 237 1445 tum
270 1392 404 1445 tractum
431 1384 612 1447 orientalem
644 1380 778 1445 Mimdn
807 1400 889 1445 anno
916 1380 993 1441 205.
1015 1380 1091 1455 (ine.
1120 1376 1167 1439 10.

169 1490 236 1551 Iun.
254 1489 337 1570 820)
359 1490 594 1552 commendavit
618 1490 756 1552 Thibiro
776 1492 839 1551 ben
863 1489 999 1573 Husain,
1021 1487 1077 1567 qui
1094 1490 1167 1565 post

170 1594 252 1657 duos
272 1614 385 1679 annos,
415 1596 489 1661 dum
515 1598 702 1660 seditionem
727 1599 875 1680 molitur,
914 1604 1062 1659 mortuus
1090 1586 1168 1655 esti

171 1702 253 1767 Post
278 1721 352 1766 eum
381 1703 493 1767 Sindia
520 1705 560 1766 ab
586 1706 716 1786 imperio
752 1702 993 1767 Thaihiridarum
1018 1706 1169 1779 exempta

172 1812 331 1875 inarsisse
362 1811 500 1874 videtur.
540 1815 632 1877 Anno
667 1811 730 1877 213
764 1813 840 1888 (ine.
873 1810 924 1875 21.
961 1811 1058 1873 Mart
1089 1806 1168 1879 828)

173 1911 326 1978 Gnoson
346 1917 409 1979 ben
428 1916 544 1979 Abbtd
565 1917 696 1980 Siudiae
716 1917 899 1998 praefectus
922 1910 1002 1979 esti
1038 1916 1169 1977 Memo-

171 2030 259 2085 ratur
279 2022 392 2085 deinde
412 2025 605 2088 Barmakida
627 2025 764 2111 quidam,
786 2027 840 2108 qui
849 2024 937 2087 haud
948 2025 1082 2087 multum
1096 2030 1169 2085 ante

172 2117 333 2213 G'shidhi,
361 2132 524 2210 scriptoris
554 2133 697 2195 omuibus
727 2134 804 2211 noti,
839 2140 974 2195 mortem
1004 2150 1087 2193 anno
1106 2130 1170 2193 255

174 2236 255 2317 (ine.
288 2237 337 2320 19,
365 2239 444 2299 Dee.
471 2238 553 2319 868)
582 2257 601 2300 e
628 2240 793 2319 provincia
817 2232 939 2301 rediit⁶.
980 2240 1075 2301 Anno
1104 2236 1168 2301 265

172 2342 254 2422 (ine.
271 2342 301 2405 2.
321 2345 415 2427 Sept.
435 2344 513 2419 878)
539 2346 573 2409 iu
597 2346 732 2409 Amrum
761 2347 822 2408 ben
850 2347 962 2430 Laith,
999 2354 1170 2429 postquam

172 2450 314 2513 kbalifae
335 2453 521 2535 obsequium
541 2453 709 2537 praestitit,
742 2472 816 2516 oum
836 2455 1026 2517 Khorasina
1046 2454 1170 2517 etalii!

173 2559 346 2638 provinciis
369 2561 571 2624 orientalibus
592 2563 687 2625 etiam
708 2562 818 2625 Sindia
839 2565 955 2628 collata
975 2572 1041 2645 est,
1080 2563 1170 2625 errius

173 2662 206 2725 in
228 2662 493 2745 praecedentibus
514 2666 614 2728 turbis
648 2668 735 2731 eirea
762 2669 832 2731 eius
857 2669 1058 2749 potissimum
1087 2668 1170 2731 fines

172 2773 267 2837 motis
287 2773 405 2836 mentio
421 2794 488 2835 uon
507 2770 572 2837 fit'.

256 2878 338 2943 Post
358 2878 591 2970 Quffiridarum
612 2883 774 2963 imperium
790 2883 937 2946 celeriter
949 2883 1074 2965 ruam,
1096 2880 1170 2943 dum

173 2990 246 3068 ipsa
264 2988 437 3053 khalisetua
459 2991 554 3052 sedes
575 2994 721 3054 inoximis
742 2993 880 3053 motibus
901 2992 1029 3076 impieta
1051 3000 1114 3076 est,
1130 3008 1170 3052 ex

174 3113 295 3176 eorum,
315 3097 367 3176 qui
395 3116 448 3159 res
476 3100 643 3183 gerebant,
673 3100 772 3163 oculis
794 3100 904 3163 Siudia
925 3109 1047 3164 remota
1067 3100 1170 3181 magia

174 3227 373 3243 m

194 3303 224 3361 1)
240 3304 330 3353 Abuli.
346 3307 380 3354 11.
397 3305 442 3356 78.
489 3306 522 3364 2)
544 3306 705 3357 Almalrinus
725 3308 761 3356 od
782 3319 806 3355 a.
839 3306 901 3355 186.
941 3309 972 3363 3)
994 3308 1123 3357 Hammer
1144 3306 1170 3358 in

241 3396 361 3460 b'undgr.
379 3399 426 3447 des
444 3398 489 3447 0r.
506 3399 554 3448 Vi.
572 3399 635 3447 362.
652 3412 709 3461 sqq.
747 3398 778 3462 4)
796 3399 886 3448 Abulf.
903 3400 937 3451 11.
956 3400 1020 3448 138.
1038 3398 1102 3449 14⁰.

192 3488 222 3552 5)
239 3487 299 3536 ibid.
319 3487 381 3538 1³0.
422 3492 453 3548 6)
470 3490 616 3540 ibniibulb
632 3502 675 3553 ap.
692 3492 812 3552 Saeyum
830 3489 933 3540 Chrest.
956 3502 996 3539 ar.
1011 3490 1059 3539 111.
1076 3490 1141 3544 407.

192 3580 222 3637 7)
239 3578 329 3629 Abali.
345 3580 380 3629 11.
396 3580 460 3629 257.
477 3606 511 3617 -
526 3580 636 3630 Plenum
653 3584 770 3631 fortusse
788 3584 821 3631 de
838 3584 897 3631 tots
919 3583 970 3631 hoe
992 3584 1085 3631 aetate
1105 3598 1170 3637 nar·

238 3665 372 3715 rationem
388 3668 510 3717 eontinet
525 3650 629 3717 Mi
661 3654 752 3747 'napi‘
770 3667 961 3717 Multummedis
978 3662 1085 3717 bimum
1101 3680 1170 3731 opus

239 3750 383 3813 Persicum,
401 3752 511 3801 fliudiae
531 3750 666 3799 historiam
690 3764 774 3815 usque
795 3757 830 3803 ud
852 3754 954 3805 Akbari
974 3754 1170 3819 expeditionem
