2474 4500
575 319 801 382 ..132-

191 499 290 563 Cuius
311 508 454 582 tempore
475 501 632 581 sapientia
653 500 794 564 effloruit
814 510 848 565 et
878 500 964 565 doeti
993 494 1202 593 praeeeilue-

188 618 269 669 runt.
312 608 475 670 Eduotum
497 615 547 669 est
568 608 687 670 ferrum
708 629 728 670 e
750 609 878 692 fodinis,
912 611 982 673 eusi
1010 620 1087 697 sunt
1121 612 1201 695 gla-

187 717 230 778 dii
254 726 287 777 et
307 716 399 778 cultri
422 725 455 778 et
475 716 567 778 varia
588 717 663 778 tela.
706 718 878 779 Exstruxit
908 719 1027 797 palatia
1054 718 1193 801 gemnis

187 822 361 903 splendidis
384 831 508 902 ornate,
530 823 562 882 in
585 822 703 903 quibus
721 824 813 884 eoola
834 832 865 885 et
887 824 1053 887 duodecim
1069 826 1196 889 zodiaoi

188 933 283 1014 signa
305 940 338 992 ot
362 931 472 992 stelles
494 931 617 992 effinxit
638 930 810 1011 mundique
824 931 1034 994 conditionem
1050 924 1212 1015 imagine

188 1039 367 1117 expressit3
407 1038 520 1100 eodem
542 1038 635 1099 modo
656 1040 876 1117 praesentavit
898 1038 1036 1102 siderum
1057 1040 1089 1102 in
1109 1040 1194 1103 hune

187 1143 337 1205 mundum
359 1143 496 1204 effeetus
519 1151 551 1204 et
575 1143 732 1223 quomodo
755 1145 875 1205 formas
897 1145 1060 1207 hominum
1075 1154 1108 1207 et
1122 1145 1191 1207 ani-

188 1253 316 1313 maiium
339 1252 554 1332 produxerint,
579 1260 613 1312 et
634 1251 845 1313 moderatoris
875 1253 992 1314 summi
999 1296 1013 1337 7
1057 1253 1111 1335 qui
1143 1250 1191 1315 sol

188 1367 260 1441 est,
297 1367 426 1422 statum.
470 1360 659 1440 Composuit
686 1360 782 1427 etiam
809 1359 920 1421 librum
950 1359 991 1420 de
1019 1356 1188 1441 probandi!
1223 1384 1228 1395 ·

117 1548 120 1555 ἱ
188 1467 239 1527 his
264 1466 419 1547 omnibus,
442 1486 613 1547 eorumque
634 1467 828 1529 intellectum
850 1466 941 1548 vulgi
962 1466 1092 1549 ingenio
1111 1484 1188 1549 ape-

190 1573 271 1653 ruit;
294 1573 324 1632 in
345 1589 511 1652 procerum
533 1581 641 1635 autem
663 1582 769 1633 mente
790 1572 933 1634 altiorum
955 1591 1063 1635 rerum
1082 1572 1189 1635 seien-

191 1681 268 1741 tiam
289 1679 444 1759 plantavit
466 1688 498 1741 et
518 1680 650 1759 primum
673 1678 782 1739 doeuit
802 1677 999 1759 principium,
1031 1678 1119 1761 quod
1136 1696 1189 1739 re-

193 1787 297 1870 liquis,
320 1794 508 1868 quaesunt,
529 1785 730 1845 existentiam
759 1783 847 1845 dedit
877 1792 910 1845 et
941 1786 1079 1865 quaevis
1109 1784 1189 1849 bona

118 1908 131 1919 ·
187 1895 335 1976 largitum
352 1894 420 1954 fuit.
442 1893 540 1954 Indos
558 1892 633 1953 dum
647 1901 789 1973 regeret,
811 1899 898 1953 terra
911 1903 1071 1972 proventu
1087 1894 1190 1957 abuu-

186 2004 290 2085 davit3
312 2005 463 2084 optimam
484 2000 591 2064 mundi
613 2002 825 2063 uenditionem
853 2001 892 2062 iis
919 2002 1074 2065 exhibuit.
1096 1998 1188 2067 Uon-

97 2113 100 2117 ’
157 2112 339 2194 3gregavit
361 2111 492 2193 doctos,
528 2111 582 2180 oui
618 2110 686 2197 eius
720 2119 863 2191 tompore
890 2110 1002 2172 librum
1032 2110 1190 2175 Siudirind

188 2229 446 2302 composuerunt,
468 2218 554 2299 quod
581 2238 696 2279 nomen
721 2221 887 2279 saeculam
914 2220 1120 2281 saeculoram
1144 2220 1192 2283 si-

185 2326 327 2408 gnifieat.
348 2325 427 2387 Inde
448 2325 528 2385 varii
549 2323 705 2386 derivati¹
726 2334 802 2386 sunt
820 2326 899 2401 iibri,
921 2326 1004 2388 sieut
1023 2325 1107 2389 liber-
1123 2328 1191 2391 Ar-

186 2423 321 2518 g'abahr
344 2442 377 2494 et
397 2419 623 2515 Aimag'istus3
640 2431 713 2494 dein
736 2432 828 2494 fluxit
851 2453 895 2496 ex
913 2420 1098 2516 Arg'abtirr
1115 2432 1194 2495 liber

186 2539 319 2601 Arkend
342 2547 375 2600 ot
396 2559 438 2600 ex
459 2525 649 2620 Almeg'isto
673 2538 751 2601 liber
772 2540 971 2621 Ptolemaei3
1012 2548 1132 2623 postea
1150 2558 1193 2603 ax

187 2648 226 2709 iis
247 2648 354 2709 foetae
375 2654 450 2708 sunt
471 2645 599 2708 tabulae
620 2647 862 2708 astronomioae.
883 2649 1080 2709 Invenerunt
1094 2648 1191 2711 eam

187 2774 303 2819 novem
333 2756 386 2817 illa
415 2756 524 2837 signa,
559 2773 643 2835 quae
670 2753 814 2815 Indieum
847 2754 1032 2817 numerandi
1060 2752 1194 2817 modun

187 2863 393 2925 constituunt.
435 2862 561 2922 Primus
583 2862 718 2922 omnium
747 2860 787 2921 de
815 2862 893 2923 solis
920 2858 1035 2923 abside
1064 2880 1192 2925 summa

188 2968 375 3050 disputavit,
399 2985 536 3047 eumque
556 2968 588 3026 in
609 2968 724 3047 quovis
745 2967 839 3053 signo
861 2985 926 3046 per
947 2970 1009 3030 tn'a
1035 2986 1191 3051 annerum

187 3078 283 3138 millia
304 3074 483 3137 subsistere
505 3074 645 3155 tradidit,
668 3075 714 3135 ita
734 3082 768 3135 nt
788 3082 888 3136 totum
919 3075 1028 3137 orbem
1059 3074 1193 3157 triginta

187 3200 337 3245 annorum
358 3181 493 3243 millibus
513 3187 688 3261 perennat.
717 3180 791 3240 Hoo
812 3189 922 3242 nostro
943 3190 1089 3260 tempore
1107 3198 1193 3245 anuo

186 3289 258 3350 dieo
281 3290 506 3351 trecentesimo
529 3287 693 3367 trigesimo
716 3287 857 3351 seeundo
886 3289 1064 3351 seeundum
1083 3288 1194 3353 Brait-

185 3414 349 3461 mauarum
371 3396 549 3477 opinionem
569 3394 659 3456 absis
679 3395 711 3456 in
732 3395 826 3477 signo
848 3396 930 3457 tauri
950 3404 1024 3477 est3
1059 3404 1095 3459 at
1115 3404 1194 3479 pont

203 3694 233 3752 1)
250 3694 425 3745 nunnioeum
435 3692 605 3755 iamrospexi
615 3707 697 3758 supra
713 3709 739 3757 p.
757 3694 816 3749 106.
835 3693 964 3753 Ceterum
977 3654 1194 3761 verttaoaipro

251 3793 312 3888 ε)
336 3800 476 3863 legeretur
492 3792 565 3890 fif,
582 3801 653 3863 quod
670 3798 865 3851 restituendum
881 3812 944 3851 esse
961 3800 1080 3853 videtur.
