2474 4500
445 97 647 161 „29-

71 299 191 344 anorum
209 290 244 343 et
262 280 527 363 Indoscytbarum
538 280 668 362 imperio
680 281 740 343 lras
747 280 914 363 regiones,
936 278 1051 341 Kaba-

67 387 204 452 bunun
232 390 380 471 imprimis
401 390 491 470 dico,
507 399 593 453 totas
609 410 630 452 a
646 400 743 471 ganto
760 390 870 452 Indica
892 389 1052 451 habitatas

64 494 171 576 luisse,
192 498 281 558 numi
300 515 360 557 nos
380 496 508 575 docent,
530 504 632 557 tostos
646 496 894 577 locupletissimi,
916 495 980 576 qui,
995 513 1052 574 por

64 610 105 665 tot
121 607 258 667 saecula
278 607 366 689 moti,
388 605 450 667 hoc
469 606 552 687 ipso,
574 625 634 685 quo
655 606 736 667 liaeo
757 580 881 687 scribo,
903 604 1054 685 temporis

62 720 217 787 momento
243 711 367 773 Summi
393 712 465 775 Viri
492 713 653 773 bnssnnn
674 712 839 773 eruditioni
859 721 892 774 ot
924 712 1053 793 ingenio

63 814 212 879 redditam
227 817 298 879 sibi
316 818 456 898 linguam
482 817 598 879 dobant
624 827 718 897 atque
738 818 904 898 loquelam.
952 820 1053 880 Paulo

64 928 130 1000 post
149 920 346 985 Buddhistao
366 923 421 983 uel
441 923 566 1002 expulsi
586 925 640 984 vol
661 933 775 1004 sponte
808 924 849 985 ad
877 923 1054 987 docuinam

10 1064 16 1095 ·.
68 1046 153 1093 suam
181 1030 422 1114 propagandam
448 1043 535 1096 trans
557 1032 668 1094 ludum
698 1034 889 1115 migrarunt,
920 1051 1055 1114 quorum

66 1156 112 1199 res
130 1146 281 1218 quantiam
301 1139 334 1199 in
353 1127 414 1201 illis
433 1141 618 1222 regionibus
637 1141 797 1202 floruerint
812 1160 854 1201 ex
867 1139 1056 1222 peregrina-

10 1305 16 1318 ,
68 1254 159 1311 torum
187 1249 369 1312 Sinonsium
391 1247 642 1314 narrationibus⁵
668 1272 768 1334 nuper
788 1251 929 1313 innotuit.
950 1251 1057 1313 Multa

10 1396 13 1405 ·
69 1350 377 1441 commmonumonta
388 1356 707 1420 ibioxstantiahiiam
715 1360 850 1443 Apollas
865 1359 935 1441 regi
952 1359 1057 1423 osori-

10 1508 15 1547 '.
69 1460 153 1542 bunt3
167 1480 242 1524 num
256 1469 359 1524 tamen
372 1463 844 1529 Buddhistaeiamtunolndum
861 1466 1058 1548 transgressi

11 1558 13 1563 ’
69 1568 184 1653 luerim,
198 1568 330 1631 indubio
346 1571 505 1651 relinquo,
517 1580 551 1633 at
564 1581 687 1634 certum
701 1573 843 1657 indoest,
861 1584 970 1654 quarto
983 1583 1060 1655 post

10 1732 12 1744 .
71 1677 135 1743 thr.
164 1681 297 1742 saeculo
321 1696 430 1757 omnes
456 1681 525 1742 illos
557 1689 679 1742 tractus
704 1683 745 1743 iis
773 1684 912 1761 repletos
941 1683 1057 1764 fuisse,

69 1806 194 1869 quorum
230 1807 378 1851 numerus
414 1791 549 1869 septimo
594 1791 724 1852 saeculo
761 1790 824 1850 iam
867 1788 964 1850 valdo
999 1789 1060 1850 de·
1099 1796 1102 1808 '

68 1901 195 1963 minutos
223 1899 288 1962 tuit
329 1898 493 1961 Ad‘lines
520 1901 653 1962 Persiao
688 1900 791 1961 fuisso
819 1918 920 1980 regna
949 1900 1060 1962 Indica

66 2005 231 2069 Persarum
248 2005 453 2086 principatum
470 2008 689 2088 agnoscentis,
700 2006 868 2069 admodum
882 2007 1060 2070 dubitanter

10 2088 12 2133 ἔ
69 2117 178 2199 colligo
203 2134 251 2177 ex
284 2116 388 2177 numis
423 2133 523 2194 nuper
551 2115 686 2195 repertis
696 2106 734 2196 ό),
773 2113 824 2193 qui
860 2111 1059 2175 Sassdnidae

65 2223 153 2287 simul
180 2231 215 2285 ot
241 2221 340 2283 Indici
375 2222 462 2304 regis
500 2221 670 2303 imaginem
696 2240 768 2283 oum
804 2219 1061 2302 inscriptionibus

64 2342 195 2415 suaque
220 2332 329 2413 lingua
359 2330 517 2393 confectis
532 2338 655 2412 gerunt.
697 2331 884 2411 Extremus,
906 2347 968 2409 quo
992 2326 1062 2388 Indi

62 2438 227 2521 progressi
258 2445 350 2518 suut,
392 2439 543 2499 terminus
569 2439 698 2500 videtur
731 2440 834 2500 fuisso
870 2439 993 2500 colonia
1020 2437 1062 2499 ad

62 2538 235 2629 Euphratis
272 2547 372 2626 ripam
412 2545 559 2629 deducta,
600 2545 692 2625 cnjus
739 2545 881 2605 notitiam
917 2541 1063 2623 scriptori

62 2653 215 2717 monio
229 2652 387 2735 Zenobio,
424 2653 557 2713 'faronis
578 2650 761 2733 provinciae
774 2651 935 2731 episcopo,
959 2648 1061 2709 dobe-

60 2780 150 2842 mns,
188 2761 242 2842 qui
267 2769 371 2821 utrum
398 2759 595 2821 Buddlristao
623 2758 757 2841 fuerint,
792 2765 828 2818 nt
856 2754 1061 2819 Willmansio

59 2870 166 2933 visum
188 2867 273 2953 ost7,
295 2863 553 2951 anVaishnavi⁸,
574 2864 698 2929 nonnisi
714 2869 785 2948 ipso
802 2867 891 2951 libro,
910 2866 1063 2929 internos

75 3082 108 3138 6)
129 3082 221 3130 lourn.
243 3081 291 3132 As.
308 3081 370 3130 Soc.
388 3082 471 3145 Beng.
489 3082 536 3129 111.
555 3081 608 3129 tab.¹
626 3083 698 3130 XXI.
723 3094 750 3130 n.
777 3079 820 3129 10.
848 3079 891 3131 11.
927 3079 994 3128 Tale
1017 3090 1064 3126 re-

128 3184 215 3234 guum
231 3172 280 3219 sub
300 3183 399 3220 annum
418 3170 481 3222 (130.
500 3170 560 3222 Chr.
582 3176 640 3221 erat
660 3173 739 3234 hang
756 3171 792 3220 lro
807 3171 847 3235 lo,
868 3171 938 3232 quod
950 3163 1064 3217 Makria

135 3271 199 3310 uam
210 3260 295 3309 ruisse
305 3273 386 3321 supra
396 3276 421 3323 p.
429 3261 472 3310 15.
487 3261 539 3309 dixi
545 3275 554 3323 3
571 3262 627 3310 olus
639 3266 719 3322 caput
728 3261 880 3312 nominatur
891 3262 947 3310 Son
958 3260 978 3308 ti
984 3259 1003 3306 li
1016 3260 1064 3307 che

129 3354 159 3402 ta
174 3353 212 3405 lo.
245 3354 418 3415 Dependebat
437 3366 454 3401 a
470 3354 578 3402 Porsiae
599 3354 720 3416 regibus3
745 3353 893 3402 incolarum
915 3349 1008 3411 lingna
1030 3349 1064 3398 ab

126 3445 219 3494 ludica
243 3445 362 3505 paullum
387 3445 540 3510 differebat,
563 3448 612 3494 sed
639 3446 723 3494 literis
744 3445 886 3493 utebantur
911 3442 1063 3491 Indicis.1n

127 3536 193 3586 urbe
214 3535 399 3600 Mabepvarno
421 3535 546 3596 templum
565 3535 632 3583 erat.
656 3535 714 3583 Foe
726 3533 798 3582 lione
816 3532 844 3582 ki
861 3547 887 3593 p.
905 3532 966 3582 sat.

76 3629 109 3688 7)
127 3629 220 3680 Jubrb.
235 3630 255 3679 f.
275 3629 349 3679 wiss.
364 3629 431 3677 Krit.
454 3628 534 3677 1835.
562 3641 587 3689 p.
612 3626 675 3678 462.
722 3629 754 3684 8)
780 3628 934 3679 zeitschrift
954 3626 1002 3678 fiir
1024 3630 1065 3678 dis
