2474 4500
202 504 345 564 Masddii
366 506 484 587 locum,
505 507 559 586 qni
581 508 737 588 integrum
759 508 930 571 Pretorum
958 525 1126 571 aureorum

120 620 217 693 caput
238 620 385 692 quartum
408 614 521 697 eflicit,
543 615 627 676 edidi
644 617 844 695 exexemplo
862 616 1009 678 detribns
1034 615 1126 676 eodi-

119 721 210 781 cibus
232 722 471 784 Parisiensibns
493 723 565 784 olim
587 743 607 784 a
636 722 698 784 Cl·
717 724 940 784 Vulleraio
970 723 1000 782 in
1030 723 1126 784 lina·

117 847 207 890 snun
234 849 326 892 nsum
355 832 504 893 conlecto
518 875 528 912 ,
570 833 625 911 qui
655 831 716 892 Vir
739 829 824 893 Clar.
859 831 890 892 id
927 828 1042 891 deinde
1068 842 1117 909 pn

116 935 212 995 solita
220 953 278 996 sua
287 937 376 997 inme
384 936 619 1015 benevolentia,
631 924 731 1016 qnam
742 930 903 1016 nunquam
915 939 1121 1016 gratamente

114 1043 1127 1126 agnosceredesinam,mecumcommunicavitatqneutederem

114 1147 262 1210 hortatus
271 1158 330 1210 est.
339 1151 391 1210 Ex
399 1151 499 1212 tribus
507 1151 556 1212 his
565 1149 728 1211 codicibus
734 1168 818 1228 eum,
829 1150 881 1230 qui
895 1168 916 1209 a
930 1146 978 1211 Ul.
989 1147 1119 1210 Vuller-

116 1253 166 1315 sio
184 1255 333 1336 signatus
353 1265 423 1316 erat
443 1278 500 1335 ms.
522 1264 592 1318 eine
608 1277 658 1317 no.
668 1275 729 1337 ego
738 1255 830 1318 litera
839 1256 884 1338 A,
906 1253 1120 1317 codicemaafl

113 1357 208 1420 litera
228 1360 254 1419 B
261 1403 273 1440 ,
296 1359 440 1420 codicem
458 1360 521 1422 599
547 1362 639 1422 litera
667 1359 696 1422 C
719 1360 838 1421 notavi.
880 1359 950 1419 Eos
976 1357 1040 1418 iam
1070 1355 1122 1416 De

114 1465 264 1547 Gnignes
286 1468 363 1528 Not.
385 1477 418 1528 et
439 1469 529 1530 ltlxtr.
549 1470 573 1528 l.
594 1489 624 1549 p.
663 1468 767 1547 lsqq.
804 1474 837 1528 et
863 1468 996 1547 Sacyus
1022 1461 1123 1525 Mem.

113 1578 155 1640 de
184 1573 310 1636 l’Acad.
346 1575 405 1637 des
433 1579 533 1638 Inscr.
563 1577 708 1638 XliVlll
735 1594 765 1654 p.
791 1575 855 1636 488
882 1582 947 1635 not.
976 1572 999 1636 b.
1028 1583 1062 1635 et
1094 1590 1126 1650 p.

113 1678 177 1771 027
198 1689 263 1740 not.
284 1701 304 1742 z
327 1681 584 1765 descripserunt,
615 1681 672 1743 sed
702 1679 816 1742 dubins
844 1680 981 1759 haereo,
1020 1687 1124 1738 utrum

106 1787 192 1848 ¹liber
212 1807 233 1848 a
255 1811 306 1851 me
327 1791 358 1851 A
381 1794 529 1873 signatus
550 1791 633 1852 idem
655 1791 712 1868 sit,
736 1808 829 1869 quem
849 1787 881 1847 hi
906 1788 969 1848 599
997 1786 1028 1846 Α
1060 1804 1125 1845 nn-

114 1913 238 1954 merum
259 1915 374 1963 gerere
397 1898 499 1979 aiunt,
520 1915 630 1957 necne.
674 1898 709 1956 ln
730 1896 814 1957 illum
836 1895 917 1954 enim
937 1893 1040 1972 Sacyi
1061 1891 1123 1954 da-
1185 1900 1186 1903 ’

113 2001 243 2080 scriptio
267 2003 421 2081 quadrare
443 2025 505 2065 non
528 2005 671 2084 videtur,
694 2004 746 2083 qni
766 2003 851 2063 hunc
871 2000 1000 2080 reliquis
1022 2001 1121 2060 multo

63 2123 68 2131 “
114 2109 218 2189 magis
240 2099 362 2169 mendis
385 2119 512 2172 scatere
541 2119 572 2172 et
600 2112 631 2171 in
660 2110 795 2170 historia
823 2109 973 2189 antiqua,
1017 2106 1124 2187 primu
1228 2190 1230 2194 Ι

113 2213 219 2292 operis
242 2223 344 2301 parte,
372 2218 470 2276 multo
493 2235 568 2277 esse
589 2216 769 2277 breviorem
792 2215 883 2294 dicit3
921 2222 1009 2274 certe
1038 2213 1122 2273 enim

111 2321 172 2382 hoc
208 2322 340 2388 inlloco
369 2343 388 2384 a
418 2343 470 2383 me
500 2322 585 2384 edito
617 2324 753 2383 omnium
780 2321 1024 2400 copiosissimus
1055 2326 1121 2379 est.

112 2421 232 2487 Varias
255 2428 411 2489 lectiones
435 2429 539 2490 addidi
562 2445 685 2511 omneS,
708 2429 740 2490 id
763 2428 857 2512 quod,
880 2429 911 2489 in
934 2447 1030 2508 opere
1045 2445 1116 2487 ma-

113 2531 168 2591 iori
190 2533 320 2613 inutile,
344 2535 374 2593 in
401 2535 456 2594 tali
485 2535 665 2616 fragmento
691 2553 761 2596 eam
788 2535 920 2615 praebet
941 2534 1120 2613 utilitatem,

113 2649 147 2700 ut
166 2639 241 2700 inde
262 2641 358 2701 otiam
378 2639 418 2700 de
439 2640 508 2700 aliis
531 2641 694 2702 codicibus
706 2640 827 2701 deliniri
841 2641 956 2720 possit,
980 2657 1116 2720 quocum

111 2763 253 2804 meorum
276 2746 414 2806 maxime
439 2753 626 2825 congruant.
650 2745 783 2806 Collatis
807 2745 890 2805 enim
921 2745 972 2804 his
1000 2744 1119 2804 lectio-

112 2849 205 2909 nibus
230 2850 398 2910 observari
418 2857 539 2930 potest,
561 2849 602 2909 A.
624 2856 657 2908 et
681 2848 718 2909 C.
741 2847 1007 2921 codicesmaiori
1034 2864 1120 2926 qua·

111 2953 182 3016 dam
205 2957 399 3035 cognatione
420 2958 499 3016 inter
521 2974 559 3015 se
583 2955 708 3014 iunctos
730 2972 818 3036 esse,
842 2954 958 3034 quippe
975 2951 1026 3034 qui
1042 2953 1116 3033 ple-

111 3080 245 3141 rumque
266 3061 297 3121 in
318 3063 429 3123 verbis
451 3080 490 3124 ac
513 3063 624 3124 formis
656 3062 810 3143 eligendis
833 3045 944 3143 contra
975 3060 1118 3122 codicem

112 3169 138 3229 B
160 3168 365 3250 conveniant,
389 3169 433 3230 ita
455 3179 487 3230 nt
510 3170 633 3249 utrique
654 3169 695 3230 ad
718 3170 799 3231 duas
821 3166 966 3236 codicum
982 3167 1118 3258 familias

112 3276 275 3354 pertinere
294 3274 471 3335 videantur.
515 3278 551 3335 In
578 3276 686 3337 verbis
713 3275 917 3336 restituendis
946 3275 1116 3357 lectionem

113 3378 258 3440 codicum
272 3379 312 3438 Α.
323 3379 374 3459 C,
387 3379 446 3443 nisi
453 3379 535 3439 aliae
545 3381 683 3440 rationes
695 3388 853 3460 vetarent,
865 3379 1009 3460 praetidi,
1015 3397 1119 3459 :quum

113 3483 216 3546 codex
237 3487 269 3548 A
290 3487 493 3564 potissimum
515 3496 644 3567 propter
665 3488 860 3567 ampliorem,
888 3504 983 3569 quam
1011 3483 1118 3545 conti-

112 3599 177 3672 net,
199 3592 388 3653 narrationis
411 3595 534 3673 copiam
556 3593 631 3652 mihi
652 3593 873 3654 observandus
896 3600 993 3654 esset.
1022 3593 1116 3671 Quae

113 3701 280 3760 rationum
303 3700 398 3759 etiam
421 3701 452 3760 in
474 3710 573 3762 totum
595 3719 676 3779 opus
694 3699 849 3761 edendnm
866 3702 975 3761 valere
989 3690 1115 3779 debeat,

112 3805 234 3867 nonnisi
267 3824 309 3865 cx
339 3807 449 3867 maiori
478 3807 624 3868 codicum
652 3806 818 3868 collatione
841 3806 971 3869 decerni
992 3807 1117 3889 poterit.
