2474 4500
502 297 727 360 μ,ροςμ

113 487 186 539 runt
208 480 239 539 in
261 499 300 540 ea
322 481 482 561 quingenti
504 480 670 558 elephanti.
713 481 842 542 Incolae
863 481 1109 543 incolumitatem

112 589 330 664 postularunt,
362 607 453 667 quarn
478 590 655 668 concessit3
697 588 821 650 domino
851 591 934 652 arcis
961 591 1108 652 tributum

114 695 273 774 imposuit.
315 698 349 756 Is
377 697 405 755 ei
435 674 545 758 obtulit
573 697 668 758 multa
696 696 797 780 dona,
826 699 907 758 inter
935 717 1016 776 quae
1040 698 1111 759 avis

112 813 180 865 erat
202 805 333 865 turturis
357 805 469 886 ligura,
497 808 541 866 ita
562 815 757 891 comparata,
779 816 813 866 ut
835 807 864 867 si
885 807 973 868 cibus
983 825 1108 867 veneno

112 909 253 970 infectus
274 909 453 992 afferretur7
479 911 547 970 eius
570 911 651 971 oculi
673 911 921 992 lacrymarentur
946 922 978 973 et
998 920 1109 992 guttas

114 1018 309 1088 emitterent,
326 1073 327 1076 ,
342 1035 423 1098 quae
452 1013 650 1098 lapidescunt
676 1026 771 1098 atque
795 1020 839 1080 ita
862 1022 1016 1081 contritae
1037 1020 1113 1080 vul-

113 1123 241 1184 neribus
272 1124 450 1202 patentibus
477 1123 706 1204 imponuntur.²
755 1126 804 1186 Ea
832 1127 904 1187 avis
933 1125 1056 1186 nonnisi
1082 1103 1114 1186 in

113 1231 175 1291 hoc
197 1231 267 1290 loco
291 1232 447 1291 invenitur
468 1251 569 1311 neque
592 1232 624 1291 in
643 1231 703 1293 alio
725 1231 806 1293 benc
828 1231 989 1291 sehabet.

198 1324 372 1420 arrodat
400 1339 489 1419 regio
512 1338 665 1420 inludia,
686 1337 768 1398 unde
796 1339 967 1418 camphora
980 1334 1114 1420 Fanqit-

114 1445 181 1505 rica
209 1454 394 1523 exportatur
416 1444 552 1506 omnium
581 1446 706 1526 optima.
758 1444 970 1525 Camphoram
1000 1444 1108 1507 dicunt
1118 1445 1161 1506 67

113 1550 312 1630 frequentem
337 1569 409 1610 esse
431 1551 588 1631 mannis,
611 1551 642 1611 in
666 1551 778 1631 quibus
801 1551 946 1628 tonitrua,
968 1548 1115 1632 fulgurat

116 1666 148 1718 et
183 1665 287 1717 terrae
312 1666 416 1718 motus
445 1666 534 1738 sunt3
575 1677 658 1740 quac
692 1659 722 1720 si
754 1660 873 1720 rariora
898 1668 986 1742 sunt,
1015 1661 1114 1726 *ctiam

113 1768 286 1848 camphora
307 1769 437 1848 paucior
457 1769 622 1830 invenitur.

199 1864 382 1938 llnzrrn'a5
409 1877 499 1957 regio
528 1876 646 1938 Indica.
689 1879 810 1939 Narrat
834 1878 1022 1941 Abulhasau
1043 1899 1115 1941 me·

114 1984 319 2066 taphysicus:
349 1987 438 2046 Dum
465 1986 633 2066 aliquando
662 1987 772 2048 transii
800 1987 995 2067 provinciam
1022 1989 1115 2049 llan-

114 2093 190 2176 dar,
229 2092 260 2153 in
289 2092 365 2152 urbe
393 2075 548 2173 quadamj
571 2095 602 2154 in
630 2082 723 2173 quam
750 2095 842 2176 veni,
864 2094 930 2155 vidi
958 2104 1114 2157 sartorem

117 2222 230 2265 senem
252 2205 282 2264 in
304 2205 436 2285 templo,
460 2205 543 2284 apud
565 2225 656 2285 quem
678 2207 870 2268 vestimenta
891 2207 1011 2287 reliqui.
1046 2207 1117 2271 Po.-

114 2310 225 2372 stridie
252 2319 359 2372 autem
390 2312 514 2373 rediens
544 2321 668 2392 portam
688 2313 795 2392 templi
817 2321 927 2393 patere
949 2320 982 2374 et
1002 2322 1116 2374 vestes

115 2422 146 2482 in
168 2422 328 2482 sarcinam
357 2420 528 2501 colligatas
541 2423 580 2480 ‘in
613 2421 759 2482 conclavi
780 2421 885 2481 iacere
907 2418 982 2482 vidi.
1020 2421 1117 2483 stut-

114 2530 215 2590 titiam
244 2526 377 2588 hominis
415 2528 565 2608 minuatne,
599 2525 729 2587 consedi
767 2534 799 2586 et
834 2526 961 2613 sarcina
994 2534 1115 2607 aperta,

116 2636 191 2717 quid
212 2636 335 2717 fecerit,
359 2635 509 2715 comperi,
534 2651 629 2713 quum
654 2634 784 2693 intraret
804 2642 918 2694 sartor.
957 2632 1016 2693 Cui
1037 2648 1116 2713 ego:

115 2765 175 2807 cur
196 2762 285 2805 meas
306 2751 420 2804 vestes
449 2742 501 2803 hic
528 2733 710 2819 reliquisti?
738 2738 932 2820 Respondit:
960 2758 1034 2800 num
1057 2757 1116 2799 ca-

113 2873 184 2914 rum
206 2852 344 2931 aliquam
366 2842 581 2911 desiderasti?
597 2846 738 2929 Negavi.
749 2846 912 2908 Perrexit:
934 2845 1045 2926 ltaque
1060 2862 1117 2906 cur

115 2957 268 3041 quaeris?
291 2959 373 3019 'l'um
394 2977 467 3018 cum
489 2956 652 3035 increpare
678 2957 782 3034 coepi;
815 2951 873 3014 sed
893 2951 999 3014 ridens
1024 2950 1117 3013 dixit:

115 3067 191 3127 Vos
214 3063 401 3127 adolevistis
431 3066 462 3125 iu
489 3063 580 3123 terris
609 3059 794 3143 iniustitiae,
825 3060 947 3121 assueti
977 3059 1117 3120 moribus

115 3173 246 3254 vilium,
276 3173 328 3252 qui
357 3171 500 3232 fraudem
523 3180 556 3232 et
578 3171 661 3232 furta
682 3168 841 3249 afliciunt,
869 3166 922 3230 hic
942 3167 1003 3228 loci
1025 3167 1117 3229 inco·

125 3384 312 3393 ——0-—---—.

188 3521 255 3568 ordo
275 3519 371 3570 docuit.
418 3514 450 3582 4)
467 3515 578 3603 μὰψ,
595 3519 665 3580 quod
682 3517 709 3567 in
725 3518 803 3567 textu
821 3519 870 3578 est,
888 3516 986 3564 mendo
1001 3514 1116 3564 laborat.

135 3667 167 3737 ὅ)
186 3673 229 3721 lta
247 3672 418 3722 scribendum
436 3670 575 3720 videbatur
593 3681 642 3733 pro
661 3651 764 3750 oloja.
799 3668 875 3730 Apud
893 3648 1018 3732 Baqdlnnr
1042 3670 1117 3718 decet

190 3780 231 3826 iric
248 3780 332 3829 locus,

862 3909 906 3983 n
