2474 4500
448 287 657 349 ..45-

52 473 134 537 llein
155 492 215 554 per
235 482 336 535 totum
355 470 465 534 Indiae
490 471 562 533 litus
584 471 780 535 occidentale
799 474 899 535 multa
919 473 991 536 looa
1011 474 1052 537 alr

57 580 222 661 necinus
235 579 367 641 visitata
387 584 632 661 erant7qnorum
653 578 715 640 alia
735 577 840 640 adhuc
851 579 945 659 pleno
965 597 1074 661 gan„

61 690 129 753 dent
148 664 244 771 licre,
264 689 396 751 aliorum
417 694 526 748 antem
546 688 609 749 ianr
630 706 671 748 ne
691 687 773 749 situs
794 686 921 768 quidem
948 705 1052 749 accu-

62 809 123 863 nn
143 797 266 861 deliniri
285 804 404 876 potest.
447 795 550 858 Cuius
561 796 608 857 rei
628 804 806 857 causatum
830 803 881 857 est
902 795 1052 858 delectus

25 908 28 913 ’
67 910 235 973 ninnium
243 905 545 988 geographicarum,
567 903 680 983 quibus
694 913 798 966 terrae
806 904 878 966 illae
889 923 946 985 pro
962 905 1052 985 ipsa-

64 1034 125 1078 rum
149 1011 353 1094 amplitudine
373 1012 478 1092 spatio
506 1011 599 1072 nimis
620 1011 739 1072 minuto
767 1009 943 1074 delineatae
964 1020 1052 1095 sunt,

64 1130 124 1187 turn
142 1122 288 1203 mutatio,
309 1139 405 1201 quem
424 1120 495 1199 ipsa
510 1118 601 1200 regio
620 1116 772 1205 ternporis
783 1114 920 1179 decursu
941 1120 1051 1204 subiit,

10 1286 12 1291 .
62 1228 173 1291 effecta
191 1227 393 1309 potissimum
414 1243 471 1306 per
498 1224 665 1286 fluviorum
692 1241 712 1284 a
740 1223 898 1285 montibus
925 1227 1052 1305 praeci-

59 1335 171 1417 pitibus
189 1334 224 1397 in
244 1343 360 1396 terram
373 1334 498 1413 planam
519 1350 557 1392 se
577 1329 816 1392 devolventium
836 1330 1050 1412 rapiditatem,

57 1441 138 1505 unde
163 1440 251 1504 hand
281 1440 380 1502 semol
419 1438 533 1520 oppida
564 1438 668 1502 diruta
700 1446 755 1500 aut
780 1447 909 1520 propter
934 1440 1053 1503 llnmen

55 1534 117 1612 alio
134 1549 257 1611 flexum
281 1546 410 1610 deserta
429 1546 525 1610 sunt.¹
566 1546 643 1607 Huc
662 1546 798 1627 pertinet
818 1547 892 1609 urbs
916 1546 1053 1612 scrire

54 1654 94 1719 de
112 1658 206 1719 cuiun
226 1657 293 1719 situ
308 1658 410 1720 omnis
431 1656 547 1719 interiit
558 1657 725 1737 memoria3
746 1676 788 1717 ex
801 1656 871 1720 sola
891 1656 1051 1722 nominum

114 1934 216 1972 nomen
234 1935 296 1971 esse
311 1926 386 1972 recte
403 1923 464 1973 dicit
476 1924 567 1974 Anuli.
584 1925 637 1974 tab.
662 1928 719 1975 lnd.
744 1939 769 1989 p.
790 1926 837 1999 1²²·
859 1926 905 1975 45.
940 1927 989 1977 list
1015 1941 1049 1976 ex

111 2032 252 2082 sanrlrrito
267 2040 331 2091 W
348 2034 444 2084 Graec.
460 2032 564 2101 Λαρικὴ,
581 2038 616 2085 ci.
632 2037 737 2087 Lassen
755 2038 916 2088 zeitschrift.
944 2041 967 2104 1,
988 2040 1051 2106 227,

112 2128 300 2190 llrn'Alvardi
322 2153 436 2205 regnum
454 2139 568 2193 'nlinkir
588 2144 718 2211 nominat,
734 2148 866 2211 ¹tanquam
895 2147 974 2199 etiarn
1000 2162 1050 2197 sno

113 2236 238 2296 tempore
254 2234 363 2283 florens.
380 2249 412 2301 p.
436 2237 497 2284 122.
518 2236 583 2297 1in.

64 2338 98 2396 3)
115 2342 147 2389 ut
163 2336 260 2389 adctor
278 2340 337 2390 libri
352 2324 441 2425 00)Ὶὶ
467 2328 557 2412 ,ὶιω
575 2358 618 2405 ap.
635 2345 716 2407 Hyde
732 2346 750 2396 l.
768 2347 787 2396 l.
802 2360 829 2410 p.
850 2310 915 2400 43.Ι

63 2446 94 2511 3]
113 2447 205 2498 Anuli.
221 2450 280 2498 ind.
296 2463 322 2511 p.
337 2449 383 2502 42.
402 2450 448 2499 44.
482 2452 529 2500 ibn
551 2452 624 2502 nan.
645 2451 708 2501 164.
725 2455 792 2503 Lee.
811 2455 913 2518 Geogr.
933 2457 1002 2505 Nun.
1023 2471 1049 2518 p.

113 2540 160 2593 70.
195 2540 310 2593 circiter
323 2555 423 2592 annum
440 2543 503 2592 6³0.
522 2543 584 2592 (ihr.
600 2556 649 2592 eas
667 2546 746 2595 urbes
768 2546 856 2596 llinan
876 2548 986 2611 Tisang
999 2562 1048 2611 pe-

113 2634 272 2697 regrinator
290 2635 411 2691 sinentis
432 2637 591 2685 commercio
608 2638 739 2687 maritimo
754 2640 869 2688 maxime
888 2643 986 2690 florere
1003 2643 1048 2691 ait.

113 2736 255 2803 Barogsarn
278 2739 398 2789 nominat
416 2742 443 2790 et
466 2756 493 2803 p.
515 2742 567 2794 392
585 2745 622 2791 Pa
639 2744 686 2793 lou
715 2745 753 2794 iro
782 2747 861 2794 tehen
883 2748 935 2806 pho
953 2755 1050 2826 efflare

114 2828 146 2872 et
169 2819 339 2884 nanceium
359 2826 416 2873 Son
433 2824 462 2873 la
477 2827 532 2890 tllo,
552 2827 659 2876 nomine
676 2829 753 2890 regni
769 2825 962 2891 SaurishtriclJ
987 2842 1049 2877 nam
1144 2898 1149 2903 ἡ

113 2929 178 2967 eum
193 2918 264 2965 lianc
281 2918 373 2966 urbem
389 2918 552 2987 intelligere,
566 2921 684 2970 ostendit
699 2934 798 2971 nornen
816 2923 898 2988 fluvii,
917 2924 951 2972 ad
969 2936 1048 2983 quarn

114 3023 167 3072 sita
177 3034 241 3071 erae
258 3022 361 3086 dicitur,
378 3025 444 3073 Mon
460 3024 492 3084 yi
511 3025 527 3074 i.
545 3037 569 3074 e.
587 3006 646 3097 ιτὲῗ

63 3132 95 3188 1)
114 3132 188 3181 llaec
205 3132 274 3182 bene
294 3132 413 3192 pluribus
435 3135 559 3196 exposuit
578 3136 704 3186 Paulinus
722 3149 739 3186 a
760 3138 801 3188 St.
821 3138 938 3187 Barthol.
961 3137 985 3185 in
1006 3138 1048 3185 iti-

115 3234 182 3273 nere
201 3223 305 3288 Indico,
321 3237 346 3284 p.
366 3224 508 3276 138-«130
526 3226 658 3275 versionis
675 3240 794 3299 german.
817 3229 947 3278 Forsteri.
974 3228 1048 3276 Male

113 3316 147 3364 de
162 3317 258 3365 eadem
276 3328 307 3364 re
325 3316 380 3377 egit
401 3319 488 3379 Apetz
506 3319 598 3371 Descr.
616 3319 749 3370 Malabar.
768 3335 794 3384 p.
810 3322 836 3372 5.

61 3421 96 3478 2)
114 3399 218 3507 8)sp
234 3420 281 3470 vel
298 3404 387 3470 illim
406 3423 529 3473 scribitur
559 3427 629 3487 apud
653 3426 755 3489 Anuli,
784 3428 854 3486 apud
875 3427 922 3475 Ibn
943 3425 1048 3487 llnuqnl

114 3545 159 3611 27,
180 3548 217 3594 35
237 3532 360 3626 liJipytq
394 3552 507 3611 utroque
526 3553 605 3599 modo
625 3554 695 3612 apud
711 3552 810 3613 Googr.
827 3551 896 3598 Nub.
917 3550 980 3598 Non
998 3551 1048 3597 du-

115 3655 170 3704 bito
195 3655 257 3716 quin
273 3655 307 3703 sit
324 3652 407 3719 Σιβώρ
426 3655 541 3704 cosmae
559 3657 659 3718 3381),
674 3655 749 3704 euius
762 3652 884 3717 nominis,
902 3666 970 3716 quine
982 3665 1048 3714 pro-

116 3739 204 3800 posito
220 3744 274 3802 est,
293 3741 461 3803 etymologia
478 3721 562 3821 τῆς(
578 3740 721 3799 scriptione
738 3739 855 3787 Arabien
875 3740 953 3789 dubia
972 3742 1047 3791 reddi

117 3843 229 3896 videtur.
264 3842 422 3906 Comparari
438 3851 550 3907 possunt
569 3840 689 3914 Σουπᾰρα
707 3847 852 3897 Ptolemaei
872 3853 899 3900 et
921 3844 1046 3917 (lincaeo
