2474 4500
170 469 297 531 exculta
317 478 352 529 et
371 471 433 531 iam
455 470 525 531 sere
545 470 702 553 completa
728 489 749 530 a
777 468 998 532 diversissimo
1024 469 1169 531 Arabum

169 577 297 660 ingenio
318 596 422 657 eoque
442 577 548 638 multis
573 578 748 639 nominibus
777 576 926 639 inforiore
954 577 1042 640 haud
1068 579 1171 639 multu
1205 642 1208 649 ,

168 697 315 769 poterant
335 688 511 769 percipere,
533 707 617 771 quae
638 688 679 752 ad
699 707 793 750 suam
809 707 877 750 rem
890 688 1046 771 iacerent,
1067 704 1169 767 neque

170 800 266 860 etiam
289 799 320 857 in
341 798 420 859 aiios
449 799 585 877 populos
613 797 679 858 vim
712 812 865 856 exercere
891 794 1086 875 nitebantur,
1112 801 1168 853 ut-

170 913 246 985 pote
267 924 308 963 cx
330 903 434 965 indole
455 923 514 965 sua
535 902 566 963 in
589 923 627 964 so
647 903 735 983 ipsos
757 903 906 964 conversi
927 909 959 962 et
985 901 1046 962 sibi
1074 900 1169 962 sufii-

171 1012 302 1073 cientes.
345 1012 441 1073 Valet
464 1014 560 1073 ctiam
581 1014 613 1073 in
632 1013 770 1093 Arabes,
794 1012 845 1092 qui
871 1012 1055 1073 incitatione
1081 1010 1171 1091 puri·

171 1122 233 1182 oris
255 1121 416 1204 religionis
436 1142 599 1203 nunquam
616 1122 775 1183 exstincta
790 1123 946 1183 acerrime
967 1138 1095 1198 semper
1110 1119 1171 1183 ab·

171 1231 339 1292 horrebant
352 1233 392 1294 ab
404 1231 553 1301 indorum
573 1232 800 1312 superstitione
819 1231 882 1291 iam
902 1238 980 1292 tunc
1000 1248 1021 1291 a
1038 1229 1173 1309 pristina

172 1339 308 1418 pruitatc
328 1341 423 1421 louge
446 1338 581 1400 deflexa.
623 1340 789 1424 litamen,
818 1358 935 1422 quum,
970 1338 1057 1421 quod
1083 1338 1173 1401 India

173 1468 235 1509 oon
255 1455 342 1529 erat,
378 1449 596 1528 persuasionis
617 1466 697 1511 suae
718 1447 945 1531 propagandae
961 1446 1082 1529 ,studio
1109 1446 1172 1509 iia-

172 1563 301 1635 grarent
328 1554 531 1635 nativamque
559 1554 732 1637 agilitatem
754 1564 787 1617 et
813 1554 1015 1637 cupiditatem
1043 1562 1174 1616 exteras

175 1665 324 1746 regiones
345 1662 472 1725 visendi
492 1673 673 1746 servarent,
699 1665 915 1748 factumest,
947 1675 1001 1749 ut,
1040 1664 1117 1729 dum
1143 1665 1173 1725 in

174 1771 261 1833 libris
282 1770 400 1833 Indicis
420 1771 541 1836 frustra
561 1772 700 1834 Arabiae
720 1776 839 1835 mentio
869 1781 1058 1858 quaeratur,
1091 1794 1176 1835 non-

175 1879 262 1940 nulla
283 1877 323 1941 de
350 1877 461 1940 Indiae
488 1880 585 1941 rebus
614 1880 824 1963 cognoverint
850 1882 1005 1965 nobisque
1033 1880 1178 1945 tradide-

176 1984 263 2047 rint¹.
299 1986 445 2065 Quanam
477 1987 568 2048 varia
595 1988 717 2050 ratione
738 1987 770 2049 id
791 1988 921 2051 efficere
935 1992 1103 2075 potuerint,
1123 1990 1178 2053 hic

177 2092 379 2173 expositurus
401 2112 484 2176 suun,
507 2103 694 2177 argumento
711 2097 755 2158 ita
770 2095 951 2177 distributo,
973 2107 1009 2160 ut
1025 2090 1178 2183 deinceps

178 2208 313 2281 quatuor
335 2201 404 2261 eius
426 2202 719 2291 communicationis
730 2204 802 2265 vias
815 2223 1012 2269 recenseam.
1033 2207 1177 2285 Primum

177 2310 259 2372 cuim
280 2329 334 2371 res
354 2302 434 2371 intc'r
457 2319 624 2392 utrumque
644 2314 849 2394 populumin
872 2316 984 2379 Siodia
1010 2334 1114 2400 usque
1135 2318 1178 2381 ad

177 2419 286 2482 Indiae
313 2441 371 2501 per
397 2418 606 2484 Mahmridnm
634 2419 879 2485 Ghaznevicum
910 2425 1179 2505 expugnationem

178 2538 292 2611 gestas
313 2529 460 2590 tractabo
484 2548 587 2610 eaque
608 2547 683 2610 para
702 2528 904 2609 potissimum
913 2530 1180 2593 sindiaealuus-

180 2640 262 2699 timis
284 2648 459 2719 occupatae
479 2639 645 2701 historiam
669 2640 849 2701 continebit.
891 2638 1016 2701 Deinde
1035 2638 1076 2701 de
1089 2641 1180 2704 Ara-

176 2746 251 2808 bum
273 2765 346 2809 eum
368 2746 457 2809 India
471 2755 653 2808 mercatura
669 2746 831 2829 variisque
844 2748 1008 2811 itineribus
1025 2764 1064 2809 eo
1081 2747 1180 2811 iactis

177 2876 282 2940 agam
305 2856 387 2919 Tum
408 2856 644 2939 commercium,
668 2860 707 2916 ut
724 2855 769 2918 ita
786 2854 903 2938 dicam,
918 2856 1089 2919 literarium
1102 2856 1179 2919 iliu.-

179 2966 287 3029 strabo
310 2973 343 3023 et
363 2965 459 3027 libros
470 2964 597 3026 Indicos
611 2965 643 3027 in
657 2966 828 3028 Arabicum
844 2984 1024 3027 sermonem
1039 2984 1179 3027 conver-

199 3238 228 3288 it
248 3238 363 3306 Carinas,
380 3253 429 3290 cur
447 3244 480 3290 de
496 3241 577 3289 rebus
594 3240 686 3289 Indiae
711 3245 767 3290 tam
784 3238 910 3300 exiguam
927 3237 1119 3301 cognitionem,
1131 3238 1181 3287 im-

246 3330 361 3397 buerint,
377 3338 503 3382 recenset
520 3332 649 3400 Abultapl
666 3335 767 3394 Ayeen
784 3332 854 3383 Akb.
867 3314 923 3380 m.
940 3346 965 3394 p.
976 3346 1004 3383 v.
1016 3330 1124 3381 Gladw.
1138 3331 1180 3377 cd.

251 3421 341 3487 Calc,
371 3423 444 3473 inter
466 3437 533 3485 quas
555 3424 624 3473 scite
646 3426 727 3475 etiarn
747 3424 866 3474 nativam
888 3425 1024 3473 bominum
1048 3422 1183 3487 pigritiam

248 3520 396 3567 enumerat.

198 3594 228 3649 ’Ἴ
248 3599 571 3665 Sicnoperflarnmerus
589 3600 980 3655 constantinianum
999 3612 1034 3649 cx
1051 3582 1183 3697 ευ)ὶῖ

249 3705 356 3812 1ῴῇ
372 3726 441 3775 libro
459 3728 493 3776 ab
509 3728 652 3779 Hamdalla
667 3729 793 3778 Mestutio
811 3727 944 3794 Qazviuio
962 3740 1034 3778 anno
1044 3726 1102 3775 730
1118 3726 1183 3785 (inc.

248 3830 293 3879 24
311 3832 368 3881 oct
388 3832 472 3891 1329)
490 3836 598 3885 Persice
615 3836 777 3901 conscripto,
794 3838 829 3887 ct
846 3834 1085 3888 Wieuardabrbb
1099 3834 1173 3885 1885
