2474 4500
563 263 769 351 η(10..

171 468 231 511 rex
250 446 369 511 Alutae
387 449 566 511 nominatur
584 447 702 508 Delora
734 447 807 510 Rae
845 449 1065 531 Brahmanus,
1109 446 1168 509 sed

170 560 271 623 altero
292 560 388 621 etiam
408 558 532 619 nomine
553 556 641 620 Dehr
669 559 730 619 ben
762 558 891 643 Chuoh,
920 560 1055 642 eiusque
1079 559 1169 641 regui

170 665 253 729 lines
263 682 414 748 oceanus,
435 665 599 748 Kapmira,
622 664 795 728 Kandahrlr
814 674 848 729 et
863 656 989 749 Kanog'
1003 667 1108 729 fuisse
1118 666 1170 729 dii·

170 782 293 836 ountur.
333 773 447 855 Pergit
464 780 603 857 auctor,
637 781 766 855 propter
798 776 929 837 vitiatas
961 776 1051 859 regis
1086 775 1169 838 filias

172 879 430 944 Muhammedem
454 881 596 943 kholifae
622 882 714 944 iussu
743 883 887 946 occisum
915 894 948 946 et
975 884 1117 948 cadaver
1137 886 1170 947 in

170 989 287 1069 pellem
306 988 446 1050 insutum
467 984 678 1070 Baghdrldum
697 998 946 1072 transportatum
967 1011 1063 1075 esse,
1105 1010 1170 1074 quo

172 1104 347 1179 conspecto
366 1099 489 1178 puellae
509 1099 696 1160 calumniam
719 1101 889 1162 confessae
911 1108 944 1162 et
957 1100 1078 1162 erudeli
1090 1118 1171 1181 sup·

170 1206 265 1288 plieio
296 1205 434 1269 affectae
458 1207 613 1269 ¹fuissent¹
657 1209 750 1270 Haeo
770 1208 847 1271 fieta
873 1228 948 1273 essa
976 1210 1172 1272 scholiastae
1209 1230 1213 1239 ·

172 1301 290 1378 G'ariri
309 1317 488 1378 testimonio
508 1316 691 1399 probantur,
712 1335 815 1398 neque
833 1318 896 1379 iam
921 1326 998 1380 tune
1014 1316 1172 1403 aegnot-

173 1421 247 1484 rlum
267 1428 465 1482 exstructum
487 1429 564 1482 erat.
1037 1422 1041 1429 “

253 1527 368 1591 Refert
388 1528 484 1592 etiam
503 1527 672 1613 inquirere,
694 1549 861 1610 quamnam
881 1533 1074 1595 incursionis
1082 1534 1170 1597 Ara-

172 1639 263 1701 bieae
284 1637 466 1700 memoriam
488 1640 708 1701 conservarint
734 1639 811 1701 Indi.
853 1641 940 1703 llieri
967 1662 1030 1705 non
1056 1626 1180 1724 potuit,x

172 1747 247 1827 quin
268 1753 420 1827 perpetuo
450 1745 642 1808 incremento
671 1748 813 1810 Arabum
839 1750 959 1811 invicta
994 1769 1082 1812 arma
1110 1751 1174 1812 ianr

173 1872 267 1915 suam
287 1871 404 1914 versus
428 1861 543 1914 terram
563 1854 788 1933 proferentium
800 1857 1016 1936 maximopere
1027 1874 1174 1919 eommo-

172 1969 325 2025 verentur
345 1980 386 2024 ao
407 1972 493 2023 metu
517 1962 772 2042 percellerentur.
815 1964 927 2025 'l'alem
948 1964 1041 2024 animi
1058 1964 1173 2026 eondi-

173 2077 291 2137 tionem
312 2073 446 2154 produnt
465 2075 701 2153 verbapoetae,
720 2073 773 2156 qui
792 2071 860 2133 fere
873 2071 949 2133 huie
961 2072 1097 2152 tempori
1115 2088 1175 2131 as·

173 2180 347 2266 signandus
369 2188 445 2261 ost,

174 2436 195 2475 n
215 2414 360 2475 tortario
381 2416 500 2490 epitola
526 2419 577 2472 eal
600 2418 687 2473 terra
697 2407 720 2494 ²,
756 2430 837 2491 quae
863 2410 904 2471 ad
939 2408 1067 2470 Arabes
1094 2426 1174 2489 spe-

176 2528 274 2601 etare,
297 2519 359 2579 etsi
379 2537 484 2599 neque
504 2517 545 2578 ad
563 2517 694 2598 primam
716 2535 824 2577 eorum
845 2525 954 2578 eontra
974 2516 1096 2577 Indiam
1110 2524 1174 2576 e'x·

174 2629 375 2712 peditionem‚
397 2646 500 2708 neque
521 2622 562 2690 ad
582 2624 789 2689 Mahmirdum
811 2624 1055 2689 Ghaznevieum
1069 2624 1174 2707 potis·

175 2739 287 2801 simum
308 2737 419 2798 referri
439 2736 575 2819 possint,
596 2756 659 2797 non
681 2734 808 2797 dubium
834 2732 971 2795 videtur.
1014 2734 1059 2793 At
1089 2731 1173 2793 iusto

175 2844 279 2926 magis
300 2843 434 2903 historia
454 2840 563 2903 ludica
599 2839 638 2901 de
673 2860 711 2902 eo
748 2860 782 2900 re
822 2840 903 2900 silet.
946 2840 1020 2900 Hue
1052 2836 1174 2923 'lollius

85 2938 90 2948 ’
176 2944 330 3027 quaedam
351 2944 462 3025 trahit,
512 2945 651 3026 quaein
679 2943 906 3005 recentioribus
934 2929 1177 3022 llig'asthanae

176 3051 341 3116 annalibus
361 3046 513 3133 reperit³z
536 3071 575 3113 eo
594 3061 735 3132 tempore
756 3050 876 3113 Indiam
902 3052 943 3113 ab
971 3050 1065 3112 hoste
1092 3067 1176 3130 quo-

200 3263 230 3322 1)
247 3264 350 3313 Burnes
363 3260 444 3311 Reise
463 3263 484 3310 1.
509 3260 553 3309 31.
601 3254 886 3318 armamentaria.
909 3259 955 3308 ult.
978 3274 1003 3323 p.
1025 3260 1087 3311 157.
1108 3260 1176 3311 Galo

194 3354 225 3412 3)
241 3356 262 3402 1.
278 3368 303 3417 p.
314 3353 378 3402 245.
412 3350 583 3415 mpero.

195 3442 226 3509 δ)
244 3444 335 3494 Wilso
353 3443 466 3510 quidem,
484 3443 526 3494 On
542 3446 586 3495 tlre
603 3444 708 3505 history
726 3446 757 3494 of
771 3444 878 3495 Kastron.
901 3448 951 3498 Aa.
968 3448 1036 3497 Res.
1051 3447 1112 3497 xv.
1129 3447 1178 3509 44,

244 3536 314 3584 unde
337 3547 458 3585 errorem
474 3536 579 3599 repetiit
601 3536 689 3585 Ritter
708 3536 792 3586 Asieu
814 3536 858 3586 111.
883 3536 965 3604 1107,
989 3537 1175 3589 Mnalimorunr

245 3627 408 3678 mentionem
425 3629 525 3679 soctan
543 3642 604 3679 esse
620 3628 725 3688 putavit
741 3628 768 3677 ln
785 3640 876 3693 vorsu,
894 3641 971 3692 qoem
987 3629 1024 3679 ita
1041 3630 1179 3691 interpre-

243 3723 317 3768 tatus
331 3724 385 3771 est:
420 3722 500 3786 aster
519 3722 596 3771 lbree
609 3720 769 3785 successful
793 3720 897 3770 battles
915 3720 946 3770 in
958 3735 991 3771 us
1002 3734 1090 3783 many
1103 3723 1178 3784 days

245 3815 279 3865 be
294 3817 443 3879 respectui
462 3818 508 3865 tlte
525 3814 719 3866 ulressetmono
739 3812 799 3863 arrd
817 3811 947 3864 directed
964 3812 1009 3863 lois
1032 3814 1178 3865 attention
