2474 4500
566 270 777 331 „53-

167 451 350 515 hodiernam
372 452 482 517 urbem
498 432 636 514 nonos
657 458 717 511 eat.
757 446 855 529 Apud
875 444 1068 509 It'irishtarn'
1093 454 1172 509 tan-

168 560 241 624 dem
262 581 378 625 nomen
398 570 509 643 aperte
529 560 683 621 minorem
703 556 900 638 provinoiam
921 555 953 615 in
980 552 1172 635 peninsulao

167 678 257 750 parte
277 666 410 731 annuali
430 669 526 730 uitam
549 666 707 747 designat.
749 665 857 744 Atque
877 662 922 725 ita
940 662 982 723 lis
1009 661 1063 723 illa
1092 658 1172 721 diri-

166 777 210 838 mi
230 795 328 857 posse
348 775 484 838 videtur.
526 773 688 836 Arabibus
714 780 845 851 propter
874 787 964 830 suam
992 766 1034 829 de
1061 768 1170 831 form

167 884 277 947 indiae
297 885 475 966 opinionem
494 882 579 946 haud
600 882 761 964 eognitum
784 888 863 964 erat,
886 886 1038 960 quantum
1058 874 1172 939 Indiae
1204 864 1210 875 ’

168 990 242 1052 litua
262 991 415 1054 orientale
434 1008 474 1053 ae
494 989 697 1069 extenderet3
717 986 917 1050 intervallum
932 984 1101 1047 Kumirim
1119 984 1172 1047 in-

168 1104 218 1160 ter
238 1106 272 1159 et
293 1097 443 1183 Gangem
464 1117 526 1160 uon
547 1101 648 1179 potuit
670 1096 744 1177 quin
764 1094 844 1175 ipsis
871 1092 970 1153 multo
992 1092 1098 1153 minos
1119 1090 1174 1153 vi·

169 1205 307 1287 deretur,
328 1224 422 1288 quam
444 1226 481 1268 re
501 1225 580 1268 vere
602 1213 664 1287 est,
685 1213 719 1265 et
732 1203 874 1264 fortasse
889 1218 1052 1281 nunquam
1066 1197 1129 1280 ipai
1142 1198 1174 1259 in

169 1314 387 1393 quaestionem
409 1320 578 1393 voearnnt,
599 1321 706 1374 utrum
715 1309 860 1371 Maharia
881 1307 923 1370 ad
935 1305 1088 1389 Gangem
1110 1322 1173 1369 ut-

169 1435 233 1498 que
254 1418 480 1502 porrigeretur,
500 1435 614 1478 neone.

259 1525 388 1586 Nomen
413 1523 579 1585 Mahariae
605 1530 735 1603 postero
765 1522 892 1584 demum
919 1531 1064 1602 tempore
1090 1520 1177 1601 apud

170 1631 296 1693 Arabes
323 1631 355 1693 in
382 1649 474 1692 usum
504 1631 637 1692 venisse
669 1631 814 1714 videtur,
850 1649 945 1711 quum
978 1629 1177 1713 antiquiores

170 1739 344 1817 scriptores
367 1757 489 1801 eonon
511 1748 649 1823 utantur,
671 1739 730 1801 sed
752 1741 916 1821 regionem
939 1736 1009 1798 aliis
1035 1734 1176 1799 nomini·

171 1847 233 1909 bna
255 1846 434 1930 designent.
479 1848 574 1926 Quae
595 1850 745 1931 imprimis
768 1849 828 1910 tria
847 1855 934 1927 sunt,
949 1844 1085 1928 Kumitr,
1103 1844 1179 1909 {tt-

170 1956 276 2036 maui,
298 1957 391 2019 Kale.
434 1959 497 2020 Hie
520 1968 626 2022 autem
647 1979 687 2021 ea
707 1967 859 2020 movetur
879 1957 1069 2038 difficultas,
1091 1954 1177 2037 quod

172 2064 297 2144 quoties
311 2082 351 2125 aa
372 2065 498 2126 nomina
520 2072 831 2147 eommemorentur‚
863 2071 1027 2124 auctorem
1051 2060 1178 2123 deami-

172 2170 302 2250 ptiones
323 2170 354 2230 in
383 2177 505 2231 certam
539 2170 697 2249 quandam
731 2171 894 2251 regionem
918 2188 981 2231 nou
1010 2166 1178 2253 quadrant,

172 2277 231 2339 aad
255 2297 298 2340 ex
318 2284 408 2358 porte
429 2277 532 2357 ipsam
553 2276 675 2339 Indiam
696 2277 848 2361 iudicent,
870 2284 1026 2358 exparte
1053 2276 1179 2339 nonnisi

174 2392 276 2447 terras
310 2392 344 2446 et
378 2386 497 2446 insulas
531 2385 816 2468 tranagangetieas
851 2392 1001 2467 spectare
1038 2382 1178 2465 possint.

174 2488 267 2568 Quae
288 2507 342 2552 res
362 2506 463 2551 eausa
482 2490 552 2572 fuit,
576 2497 613 2550 ut
633 2489 665 2550 in
687 2488 867 2552 definienda
886 2490 997 2553 horum
1018 2489 1177 2553 nominum

94 2592 98 2600 ¹
177 2597 412 2679 significatione
433 2615 544 2658 omnes
565 2597 646 2679 fere,
668 2597 719 2678 qui
739 2596 835 2659 hodie
861 2596 903 2658 de
930 2596 970 2659 iis
996 2594 1180 2678 inquisive-

172 2706 252 2787 runt,
287 2706 319 2767 iu
348 2706 495 2769 diversas
515 2707 650 2769 abierint
677 2709 870 2787 sententiam
906 2705 966 2768 aed
988 2724 1009 2767 a
1023 2704 1179 2789 prineipio

173 2831 268 2873 unum
291 2820 414 2874 tantum
441 2820 575 2875 tractum
604 2814 649 2876 ita
676 2814 828 2875 nominari
854 2812 1000 2894 potuisse
1028 2819 1179 2895 apparet,

174 2938 267 3001 quem
289 2928 325 2980 ut
345 2920 544 2983 inveniamus
567 2930 641 2983 ante
662 2922 766 2983 omnia
788 2922 881 2983 etiam
902 2920 956 2982 hie
976 2918 1182 3000 perpenden-

175 3023 249 3085 dum
271 3034 332 3108 ost,
355 3034 484 3108 propter
505 3027 606 3091 litoris
629 3028 789 3090 orientalis
810 3026 1041 3110 ignorationem
1052 3024 1182 3089 Arabes

195 3302 224 3357 t)
240 3302 274 3351 et.
294 3300 369 3349 tonos
387 3314 405 3353 a
421 3302 514 3364 sacyo
532 3304 587 3356 1.1.
605 3314 758 3368 excerptor.

192 3410 221 3475 2)
238 3404 332 3495 witti)
349 3408 446 3471 ubique
463 3422 532 3460 vera
547 3410 657 3475 scriptio
675 3424 737 3461 esse
749 3410 857 3462 videtur
868 3422 918 3471 pro
927 3394 1029 3493 6⁴⁹⁸)
1046 3408 1091 3457 rei
1102 3400 1184 3491 6¹⁶¹)

244 3520 339 3568 linium
356 3520 402 3569 vel
419 3520 508 3585 Burni,
525 3521 596 3583 quod
613 3520 639 3569 in
655 3518 730 3567 libris
746 3528 810 3565 mss.
828 3520 856 3565 et
873 3514 951 3565 editis
961 3516 1059 3565 erebro
1071 3514 1176 3579 legitur

192 3632 224 3688 a)
241 3632 309 3681 Ano.
324 3630 385 3680 Rei.
402 3645 428 3694 p.
446 3629 474 3681 4.
492 3629 526 3681 fl.
542 3629 613 3681 Nub.
629 3642 655 3691 p.
673 3632 718 3680 88.

193 3761 224 3815 a
241 3760 260 3811 ..
276 3760 294 3809 ι.
311 3742 401 3834 »xo
425 3756 530 3825 atu
554 3756 611 3843 ω
638 3741 804 3843 (eant)
835 3745 972 3847 ..auu
