2474 4500
502 270 706 333 ..25-

65 478 67 509 :
116 454 238 517 evanuit
259 462 357 536 atque
375 472 433 536 por
453 463 598 535 quartum
606 440 739 540 Hig'rae
751 458 950 520 saeouluura
969 473 1102 536 eorpore

113 561 389 645 regnibtuslimioi
408 561 553 623 seiuncta
573 563 641 631 tuit.
669 566 744 629 lioo
763 573 920 646 tompore,
942 582 1006 644 quo
1025 564 1104 625 Ma-

112 667 217 735 sidius
238 671 336 733 etlbu
345 672 471 754 Houqal
485 692 556 735 eam
575 675 765 755 inviseruut,
791 672 955 754 provincia
968 672 999 733 iu
1011 672 1103 751 plura

111 798 206 862 regna
227 783 350 843 minora
371 780 475 863 divisa
495 790 528 843 et
548 800 568 845 a
589 783 725 866 singuiis
746 782 872 844 familiis
881 780 1026 843 Arabicis
1042 797 1103 840 oo-

113 898 226 971 oupata
246 897 325 973 erat,
346 907 430 970 quae
456 888 520 951 iam
547 897 620 949 aute
647 907 718 950 eam
749 897 887 950 aetatem
916 886 1106 947 auctoritate

113 998 247 1061 maximo
271 996 418 1068 ‘vultuose
441 993 597 1057 videntur.
618 996 663 1055 Hi
683 994 812 1075 domini,
834 994 887 1075 qui
907 994 1031 1057 titulum
1051 1013 1108 1054 re-

114 1099 219 1191 gium⁸
239 1114 423 1189 gesserunt,
445 1124 573 1186 prorsus
593 1106 643 1167 sui
663 1105 738 1165 iuris
759 1112 866 1186 erant,
909 1104 939 1164 in
961 1102 1109 1183 precibus

114 1234 221 1293 gamen
258 1214 394 1294 publicis
427 1214 661 1276 Abbbsidarum
694 1212 855 1292 imperium
883 1211 1110 1292 agnosoebant.

114 1324 203 1387 Talia
233 1340 337 1404 regua
363 1320 394 1383 iu
421 1322 492 1403 ipsa
520 1321 629 1385 Sindia
657 1318 720 1382 duo
750 1319 840 1380 nobis
868 1318 997 1399 cognita
1027 1324 1109 1378 sunt

113 1429 259 1492 Alterum
281 1436 331 1489 est
352 1425 529 1511 Maupiuae
554 1447 699 1511 regnum,
725 1426 808 1511 baud
831 1426 937 1508 exigui
958 1424 1108 1503 ambitus,

114 1556 210 1619 quum
233 1537 478 1617 septentrionem
495 1555 611 1598 versus
634 1535 674 1598 ad
694 1535 726 1596 id
756 1535 926 1616 pertineret
951 1533 1027 1593 urbs
1048 1532 1111 1592 Ai-

112 1643 199 1727 ruz⁹,
221 1663 316 1726 quarn
338 1643 440 1707 medio
461 1644 493 1704 in
509 1640 819 1726 itiuereManpairam
839 1644 921 1703 inter
942 1648 975 1701 et
984 1639 1110 1701 truita-

113 1770 184 1813 nam
213 1750 353 1813 sortasse
374 1751 436 1811 ianr
463 1750 495 1812 iu
515 1752 757 1832 Pentapotamia
777 1752 871 1813 sitem
891 1751 993 1812 fuisse
1014 1767 1113 1828 supra

114 1855 188 1938 dixi,
208 1856 373 1918 meridiem
396 1875 512 1918 versus
537 1867 569 1919 et
591 1857 785 1919 occidentem
799 1855 917 1920 Rahdk
938 1865 1060 1918 tractus
1082 1856 1113 1917 in

114 1964 228 2027 finibus
250 1960 468 2027 Maustnaew.
506 1964 552 2026 Ibi
572 1965 692 2045 posteri
714 1965 822 2027 Omari
842 1964 905 2025 ben
933 1962 1113 2024 Abdaiaziz

113 2072 330 2137 Kuraisbidao
356 2090 398 2135 ex
426 2073 525 2154 stirpe
543 2070 654 2133 Habbr
686 2071 747 2132 ben
775 2069 899 2133 Alasad
924 2070 1112 2153 regnabant,

114 2183 273 2263 equibus
300 2178 442 2242 biasirdii
469 2190 610 2262 tempore
641 2180 845 2244 Abulmundir
860 2181 931 2257 ,ben
959 2178 1116 2242 Abdailah

114 2292 264 2375 princeps
286 2291 397 2371 erat¹';
419 2291 616 2372 Houqalides
626 2292 776 2373 prinoipis
792 2311 907 2353 nomen
923 2310 986 2352 non
1008 2288 1114 2371 tradit,

116 2397 173 2461 sed
191 2399 277 2460 hano
304 2397 453 2459 famiiiam
481 2397 544 2458 iam
572 2396 624 2457 diu
655 2397 764 2458 urbem
793 2403 902 2456 tenere
937 2402 970 2454 et
1000 2393 1116 2472 optime

116 2506 335 2579 ¹administrare
346 2486 349 2491 ¹
362 2502 508 2568 narrat¹²
548 2505 811 2567 Kuraishidarum
831 2502 947 2563 familia
963 2499 1117 2582 quaedam

117 2614 212 2676 etiam
240 2612 404 2674 Multbnae
431 2610 623 2674 dominatum
632 2612 778 2692 tenebat,
794 2600 892 2672 efiliis
900 2609 1040 2672 Usdmae
1055 2607 1117 2668 ben

117 2720 201 2808 leani
220 2721 283 2782 beu
311 2713 478 2802 Ghtlib¹³,
522 2720 573 2801 qui
599 2720 660 2780 iam
689 2719 857 2799 antiquitus
879 2717 988 2776 urbem
1016 2734 1117 2775 ooou-

118 2818 272 2906 parante.
302 2822 442 2886 Masudii
472 2835 613 2905 tempore
645 2823 801 2906 regnabat
834 2818 1032 2882 Abulduihat
1054 2819 1118 2878 Al-

68 2990 71 3001 .
119 2934 246 2996 munbib
272 2934 334 2995 beu
360 2932 459 2994 Asad.
508 2933 613 2993 Etiam
641 2933 672 2992 in
694 2928 911 2991 adiacentibus
936 2926 1117 3009 regionibus

117 3044 232 3106 similia
267 3062 368 3125 regna
395 3042 516 3124 passim
550 3048 775 3104 commemorat
816 3040 873 3100 lbn
900 3038 1043 3118 Houqal;
1088 3038 1120 3097 in

119 3149 250 3214 Kazdbr
283 3151 360 3212 urbo
389 3148 572 3211 'l'hirrbnam
593 3149 673 3210 inter
703 3158 736 3211 et
757 3148 900 3213 Sindiam
941 3148 1003 3209 sita
1043 3154 1120 3207 tuno

182 3310 258 3361 libris
276 3312 390 3373 quatuor
407 3321 547 3372 enarrans,
564 3319 677 3370 quorum
694 3306 791 3368 primus
811 3306 844 3352 de
860 3302 1002 3365 praefectis
1016 3303 1123 3360 Umay-

186 3403 322 3463 yadarum
368 3403 395 3449 et
432 3396 625 3450 Abbtsidarum
658 3397 717 3461 agit
748 3397 784 3446 et.
819 3395 928 3446 Wilson
961 3391 1122 3442 Mackeuzie

188 3488 303 3539 Collect.
318 3488 354 3535 11.
376 3484 440 3534 129.
763 3542 773 3557 .

138 3575 170 3632 8)
187 3556 286 3627 ΛΜ
305 3573 339 3621 ct.
357 3568 503 3634 Qazvtnius
520 3584 542 3619 s.
560 3583 589 3619 v.
607 3563 721 3619 Multbn.
790 3569 821 3625 9)
838 3567 886 3615 ibn
903 3562 1015 3624 Hauqal.
1032 3575 1058 3621 p.
1076 3560 1122 3610 30.

128 3656 173 3717 1⁰)
190 3658 225 3710 id.
243 3673 269 3719 o.
294 3658 338 3708 ³2.
410 3657 458 3714 ιι)
476 3670 519 3717 ap.
536 3659 577 3706 ne
595 3656 723 3719 salgues.
741 3656 805 3704 not.
823 3655 850 3702 et
866 3653 943 3700 uxo.
959 3648 980 3694 1.
994 3644 1038 3694 ιο.

131 3741 174 3800 ra)
191 3756 217 3804 p.
241 3728 360 3791 essm.
427 3740 474 3798 1³)
506 3724 597 3813 „pits
622 3754 665 3824 ως
690 3724 757 3814 5)
785 3750 828 3822 0?
853 3722 956 3786 tutat.
988 3732 1057 3781 uas.
1079 3743 1122 3792 ap.

195 3849 409 3910 Uylenbr.1rac.
427 3864 453 3911 p.
475 3851 519 3899 65.
589 3847 636 3905 14)
658 3848 705 3896 Ibn
728 3845 832 3908 flouqai
855 3859 880 3907 p.
903 3845 947 3922 att.
