2474 4500
497 280 726 345 ..201-

113 460 259 553 ciritaiis
284 467 408 529 incolae
433 486 543 529 omnes
565 487 607 528 ox
628 467 729 530 stellis
749 478 951 531 venerantur.
965 488 1021 531 oor
1041 470 1113 562 ¹⁰⁰?

113 575 185 654 nis3
223 573 341 665 habunt
363 574 545 655 speculam,
589 574 621 634 in
649 593 711 656 qua
744 583 831 637 astru
872 575 1046 637 observant
1080 584 1113 636 et

114 680 332 769 astronomiae
369 688 401 741 st
434 680 571 742 mathesi
605 699 733 762 operam
755 681 846 761 daut;
884 683 928 744 ita
949 683 980 743 in
1002 702 1112 744 uorum

115 780 221 850 indoio
243 787 408 869 praevalet
429 787 623 866 intellectus,
647 795 699 864 ut,
728 789 757 850 si
777 807 897 850 novum
925 787 1040 869 aliquid
1061 780 1163 850 in-59

114 897 228 957 venire
248 896 367 977 veiint,
396 897 500 957 auimo
531 912 658 955 summa
685 910 762 954 oura
789 896 821 956 in
848 893 880 955 id
910 894 1030 955 intento
1051 910 1114 953 uon

116 996 286 1066 desistant
303 1008 475 1080 antequam
504 1000 667 1061 inventum
701 999 752 1060 sit
800 998 875 1061 Rex
905 1018 1013 1061 eorum
1043 999 1139 1062 oiim*

116 1107 210 1168 alioui
241 1105 422 1183 Chosronm
450 1106 531 1165 intor
557 1105 618 1165 alia
646 1103 729 1165 dona
757 1103 838 1164 duas
867 1104 995 1165 misisse
1016 1103 1115 1165 fertur

117 1215 216 1276 oistas
239 1215 376 1287 alausas,
403 1215 433 1274 in
455 1231 587 1294 quarum
609 1217 757 1293 utraque,
789 1227 882 1289 quum
904 1209 1114 1290 operirentur,
1231 1232 1234 1237 2

115 1321 164 1382 vir
185 1328 283 1382 esset.
315 1320 508 1405 Interrogati
529 1319 656 1399 quinam
677 1324 799 1398 essent,
818 1315 849 1376 hi
870 1314 1114 1395 responderuntx

114 1442 174 1487 nos
200 1425 230 1485 si
259 1422 333 1504 quid
354 1424 521 1507 volumus,
538 1421 581 1483 'id
610 1440 649 1481 ao
675 1429 795 1483 tautum
823 1419 1000 1503 effluimus,
1029 1420 1115 1500 quod

115 1532 311 1617 voluntatem
341 1539 484 1592 nostram
516 1530 547 1590 io
577 1528 609 1589 id
638 1528 810 1610 dirigimus.
862 1531 896 1590 Io
928 1548 990 1610 quo
1018 1527 1115 1590 fidem

115 1654 177 1698 non
197 1637 301 1717 nauti,
323 1636 410 1718 regi,
426 1636 579 1715 inquiunt,
602 1635 629 1696 si
649 1633 751 1696 hostis
773 1642 834 1716 ast,
859 1635 911 1713 qui
931 1632 1037 1716 gladio
1058 1654 1114 1695 rs-

114 1743 187 1824 peili
200 1743 331 1823 nequit,
354 1744 394 1824 is,
417 1744 582 1803 voluntate
604 1742 764 1803 nostruin
786 1740 818 1802 id
841 1740 973 1821 directa,
996 1743 1115 1803 morio-

115 1860 174 1913 tur.
205 1852 288 1912 'l'um
310 1859 346 1912 nt
367 1849 408 1912 de
427 1851 479 1911 sui
498 1851 638 1931 ipsorum
664 1857 765 1911 morto
786 1849 976 1930 cogitarent,
999 1858 1115 1930 postu-

114 1958 213 2020 latum
236 1963 298 2018 est.
342 1956 590 2018 consentientes
611 1956 700 2018 fores
727 1954 829 2016 claudi
857 1956 1000 2036 iussere,
1030 1955 1115 2036 quod

117 2063 173 2142 qui
194 2063 301 2124 fenore
314 2061 485 2123 redeuntes
504 2080 561 2122 eos
575 2062 637 2122 iam
654 2067 797 2122 mortuos
814 2061 977 2142 invenero,
999 2067 1115 2123 etcum

114 2146 311 2246 poenitentia
331 2167 498 2227 veritatem
520 2165 667 2245 promissi
688 2183 862 2246 agnovere.
895 2167 932 2227 Iu
953 2165 1015 2227 hao
1038 2166 1117 2229 urbe

113 2275 209 2336 arbor
236 2272 424 2337 oionan'romi
452 2274 621 2355 reperitur,
644 2291 727 2352 quao
757 2273 833 2334 iuris
862 2275 1036 2336 communis
1065 2283 1116 2336 est

113 2398 221 2461 nequa
248 2380 279 2439 in
306 2381 502 2461 singulorum
537 2375 779 2460 possessione;²
814 2382 939 2452 incolae
967 2382 1115 2443 animalia

113 2504 178 2547 non
200 2492 361 2565 mactant,
391 2502 495 2564 neque
515 2485 623 2565 pisoes
645 2481 759 2568 odunt,
783 2484 843 2547 sed
864 2486 967 2549 trition
988 2496 1021 2549 ot
1042 2488 1115 2549 ovis

113 2598 303 2654 vescuntur.
814 2664 817 2668 .

201 2702 326 2763 Iusuna
356 2687 610 2782 unornn'or'ui
634 2701 744 2763 insulis
777 2689 894 2781 Zinig'
931 2700 1115 2781 propinqua.

113 2809 206 2870 Dixit
226 2810 284 2870 [bn
306 2808 452 2890 Alfaqih:
477 2809 559 2870 Eam
579 2808 719 2870 incolunt
739 2807 894 2889 homines,
916 2805 1029 2885 quibus
1059 2823 1116 2866 ora

113 2916 240 2998 clypeis
272 2917 358 2977 corio
391 2916 537 2979 obductis
571 2915 687 2977 similia
720 2924 795 2977 suot
830 2921 864 2975 et
894 2911 996 2992 oapiili
1031 2912 1117 2972 siout

112 3020 241 3082 caudae
264 3038 416 3102 equorum
438 3022 688 3084 sarcinariorum.
730 3020 931 3083 Rhinooeros
955 3015 1037 3099 apud
1059 3034 1117 3079 eos

75 3124 79 3129 ’
113 3130 279 3210 reperitur.
320 3130 417 3191 Mons
444 3131 476 3192 in
503 3132 605 3192 insula
633 3140 696 3213 est,
718 3130 758 3192 de
780 3148 842 3214 quo
871 3137 967 3190 noctu
986 3137 1118 3209 tympa-

111 3252 227 3296 norum
259 3252 359 3296 sonus
410 3243 442 3296 et
491 3239 609 3300 clamor
639 3238 785 3300 terribilis
826 3237 966 3315 auditum
1012 3242 1117 3296 nauta

110 3337 349 3402 Antichristum
371 3340 403 3401 in
424 3359 462 3402 aa
484 3340 605 3423 degaro
626 3350 660 3403 et
676 3341 751 3403 inde
771 3342 927 3403 exiturum
942 3356 1019 3400 esse
1041 3356 1119 3418 por-

132 3621 165 3685 8)
181 3617 276 3668 Omnia
292 3619 359 3668 naeu
376 3618 477 3669 eisdem
493 3621 553 3670 rore
569 3616 659 3669 verbis
674 3614 703 3669 in
722 3615 782 3669 alst.
805 3618 860 3668 nat.
882 3624 939 3676 ⁰⁸1³·
961 3614 998 3663 da
1017 3611 1114 3664 unalis

183 3709 266 3759 maris
281 3708 364 3758 Indici
382 3712 497 3760 exstant.
