2474 4500
528 230 710 290 ..9-

128 412 296 477 traduntur.
336 412 456 477 Restat
475 422 509 477 ut
528 413 743 477 narrationum
772 431 792 473 e
820 410 1025 493 scriptoribus
1054 429 1118 491 po-

126 522 307 585 sterioribus
328 523 505 605 petitarum,
527 521 829 603 quaesefabulosas
850 521 904 581 vel
925 520 1019 583 fictas
1041 537 1119 581 esse

125 629 272 713 produnt,
294 629 451 712 quaedam
471 629 589 691 mentio
610 630 674 691 fist.
696 630 746 690 Ita
765 627 851 710 apud
864 621 1019 690 'l'odium¹'
1036 627 1117 689 Μιι-
1159 654 1165 677 ι

121 735 267 799 bammed
285 745 430 799 narratur
450 755 533 798 anno
554 736 596 798 99
616 735 851 817 expeditionem
871 735 1057 817 suscepisse
1084 741 1118 795 et

121 843 308 926 supplicium
326 843 422 907 abeo
444 850 605 922 sumptum
624 842 727 905 fuisse
750 843 882 905 tiliarum
908 843 997 925 regis
1016 840 1118 903 Indici

121 970 237 1036 causa,
258 970 353 1069 xquas
383 954 549 1047 captivas
572 950 714 1015 khalifae
750 953 901 1013 misisset
942 949 1031 1013 Idem
1059 949 1116 1033 ait,

119 1024 374 1125 Muhammedem
395 1082 500 1144 usquo
524 1034 566 1124 ad
590 1058 739 1141 Gangem
760 1076 968 1142 progressum
995 1056 1117 1120 Indiam

119 1169 311 1231 tnbutarram
318 1167 510 1251 reddidisse,
531 1167 636 1250 idque,
659 1167 720 1229 etsi
739 1164 932 1229 Almakinus
945 1184 1008 1226 non
1024 1182 1117 1227 conr-

118 1285 316 1360 memoraret,
338 1276 517 1339 confirmari
536 1284 643 1339 tamen
666 1275 831 1337 annalibus
843 1272 991 1335 Indorum
1005 1272 1117 1353 perhi-

118 1384 275 1467 bentibus,
297 1393 372 1447 tuno
391 1404 526 1466 magnas
548 1383 659 1446 turbas
681 1387 712 1445 in
721 1369 940 1466 Rdg'asthbna
957 1382 1116 1443 excitatas

119 1476 191 1557 ease
210 1512 270 1575 per
290 1493 417 1556 hostem
445 1495 581 1556 navibus
610 1487 816 1556 adveatum⁶.
858 1490 951 1570 Quae
977 1490 1010 1551 in
1029 1488 1116 1550 libris

118 1601 246 1689 Sindiae
274 1601 437 1665 historiam
465 1603 697 1683 tractantibus,
732 1621 862 1684 quorum
890 1603 970 1663 alter
998 1599 1116 1663 'l'ohfat

117 1709 250 1795 sigiranni
272 1709 443 1789 inscriptus
464 1718 515 1773 est
527 1706 543 1792 ,’
573 1710 654 1773 alter
673 1709 739 1772 Min
773 1709 922 1770 Mabsem
950 1714 1114 1770 auctorem
1147 1714 1151 1720 ’

116 1817 278 1900 agnoscit,
300 1814 340 1878 de
360 1816 596 1879 Muhammedis
618 1817 821 1898 expeditione
835 1824 1011 1903 morantur,
1032 1832 1114 1894 pas-

116 1928 175 1991 sim
202 1927 304 1989 refert
336 1920 541 2007 M'Murdo⁶;
589 1924 715 1989 Arabes
743 1926 876 2007 primum
908 1942 1114 2005 expugnasse

116 2036 224 2098 urbem
244 2029 391 2115 Daibal⁷,
427 2032 541 2095 deinde
560 2032 676 2095 [lumen
697 2040 920 2114 transgressos
942 2030 1044 2112 (quod
1061 2030 1114 2091 ubi

95 2139 236 2217 ,factum
266 2139 326 2218 sit,
354 2139 496 2220 pluribus
525 2139 650 2221 inquirit
674 2136 857 2220 M’Murdo)
885 2139 1055 2201 Nerunkot
1081 2147 1114 2200 et

114 2245 258 2307 Sehwan
292 2247 388 2308 urbes
432 2241 596 2330 cepisse⁸;
644 2248 828 2311 acerrimum
862 2247 975 2309 deinde
1014 2268 1113 2329 prope

113 2353 245 2416 Aloram
269 2353 388 2417 editum
409 2373 483 2416 esse
503 2358 659 2437 proelium
690 2375 792 2439 regno
821 2355 950 2419 Sindiae
978 2353 1112 2438 fatale⁰;

112 2464 193 2540 tum,
244 2456 363 2521 frustra
410 2470 594 2543 oppugnata
627 2462 820 2525 ¹Aslrkandra
852 2464 907 2526 vel
949 2463 1113 2526 Secondra

113 2562 343 2643 (Alexandria)
373 2585 447 2630 arce
474 2569 699 2656 munitissima,
726 2582 852 2652 captam
880 2591 957 2634 esse
987 2572 1112 2634 Multa-

112 2662 226 2730 nam¹⁰.
268 2671 305 2731 ln
333 2672 410 2733 libro
438 2674 569 2735 Persico
600 2674 828 2738 Cbochnbrneh
854 2679 1024 2758 inscripto,
1062 2678 1112 2751 cui

112 2777 255 2840 hodierni
275 2786 360 2843 teste
380 2783 547 2843 Burnesio·
559 2782 689 2847 multam
720 2785 857 2847 tribuunt
878 2785 1110 2867 auctoritatem,

113 2947 335 2960 ῌ--οια

181 3017 317 3069 Cteetore
349 3019 461 3085 Ιιιιιιν,
492 3021 537 3070 tbe
574 3018 678 3084 priuos
717 3021 752 3086 of
781 3019 889 3072 Debuit.
925 3020 1110 3072 Incredibilem

179 3109 244 3158 artis
263 3110 372 3160 criticae
390 3110 581 3162 innocentiam!

128 3197 159 3253 6)
176 3198 208 3244 ιιι
228 3198 330 3247 duobus
347 3201 543 3250 commentariis
563 3203 595 3249 de
619 3203 693 3251 Indo.
713 3199 810 3251 Journ.
830 3204 929 3251 lans.
948 3203 1110 3253 Soc.1834.

178 3303 204 3351 p.
220 3289 330 3338 21—44
347 3294 374 3339 et
390 3292 444 3340 233
462 3306 536 3353 sqq..
588 3293 616 3348 7)
635 3307 659 3354 p.
674 3292 720 3341 29.
787 3294 818 3349 8)
838 3307 863 3354 p.
884 3293 928 3341 32.
979 3295 1121 3368 9)l’·²³·.

113 3381 162 3439 10)
179 3395 205 3444 p.
224 3382 268 3431 ³1.
302 3383 356 3433 Mir
384 3386 542 3435 Mnasema
565 3388 751 3436 Muhammedc
777 3386 882 3436 'l'attam
912 3392 1015 3448 captam
1048 3402 1108 3437 csse

178 3475 286 3525 tradidit
302 3490 327 3537 p.
342 3477 386 3524 32.
405 3478 484 3541 Vide,
503 3492 580 3541 quarn
598 3480 664 3528 scite
684 3479 813 3542 figmenta
831 3490 882 3539 stra
902 3478 1014 3527 auderit.
1048 3479 1108 3527 Sci·
1139 3506 1142 3511 -

178 3565 319 3619 licetocto
332 3567 448 3616 saeculis
459 3568 588 3632 post‚sub
602 3581 699 3617 annum
717 3568 881 3638 bovinges,
901 3567 974 3616 1500
992 3568 1052 3621 Cbr.
1074 3584 1108 3620 ea

180 3659 242 3708 urbs
260 3659 369 3709 condita
390 3664 432 3708 est
450 3660 477 3709 ιιι
498 3661 621 3724 regione,
639 3673 712 3722 quae.
723 3661 841 3708 Arabum
861 3665 981 3725 tempore
995 3677 1107 3728 prorsus

183 3752 289 3800 deserta
303 3750 417 3817 iaccbat,
440 3754 473 3800 ct.
492 3750 626 3801 M'Murdo
646 3765 670 3814 p.
690 3751 735 3800 23.
752 3750 795 3805 30.
813 3750 875 3802 234.
