2474 4500
569 228 797 325 —no'—

184 453 328 519 mantnt
348 438 478 535 im'perio
498 453 529 514 in
542 448 713 513 Arabicam
731 446 872 530 linguam
892 443 1081 508 nannetum
1100 436 1174 523 att·

183 564 247 625 ltst
266 565 299 624 in
321 560 471 639 Qazvinii
491 557 622 619 historia
642 553 784 635 naturali,
806 551 858 613 ubi
877 552 910 612 in
930 550 1038 631 eapite
1062 548 1104 613 (le
1127 548 1174 611 in·

183 673 263 735 sulis
281 671 379 735 maris
400 667 501 730 Indici
520 665 603 728 haee
615 665 716 726 verba
733 662 819 723 iacit.
846 657 1074 751 &Q
1098 658 1174 737 „iu
1199 758 1202 763 Ι

185 795 295 865 ma
318 808 396 898 ‘let
422 795 447 856 a.
471 790 594 894 sii-<⁶⁸
620 786 787 889 orfani
815 779 879 852 tao
903 786 932 869 3
953 787 996 884 oi
1020 764 1174 868 „fat

176 907 1174 1021 ffl‘altofitstaemffihsthffqt,

181 1040 267 1126 iiaNa,
292 1047 351 1125 Μ
378 1040 448 1127 [agli
472 1046 545 1126 &aaa
571 1040 596 1105 la
628 1041 831 1103 Ptolemaeus
866 1041 901 1097 in
936 1038 996 1096 hoe
1026 1036 1178 1125 manill

183 1190 255 1231 ense
275 1190 377 1248 supra
397 1171 483 1231 mille
504 1170 639 1245 insulae,
662 1171 696 1226 ia
708 1168 822 1253 ouibus
830 1164 1177 1240 qenteseintr'nnuno·

183 1277 319 1356 rabilem
359 1280 448 1338 nobis
469 1283 574 1336 tamen
595 1279 621 1335 a·
639 1282 762 1335 tantum
790 1278 859 1332 noti
877 1277 956 1332 stant
973 1274 1115 1347 tractas,
1138 1268 1180 1327 'aa

155 1382 264 1463 x>trema
281 1385 455 1464 populares
482 1387 586 1444 nostri
614 1387 753 1446 ventitat.
798 1378 860 1455 Qui
881 1379 974 1440 loeus
989 1394 1099 1459 ,quum
1121 1394 1179 1437 non

186 1499 293 1552 exstet
312 1491 343 1551 in
364 1489 541 1553 Ptolemaei
563 1487 649 1569 quod
670 1505 729 1548 nos
749 1487 905 1548 habemus
927 1503 1024 1564 opere
1039 1514 1083 1525 —
1095 1482 1199 1555 loeus,

185 1595 267 1656 enim
288 1595 364 1678 vn,
386 1594 418 1677 t,
448 1613 509 1675 quo
536 1595 581 1655 ait
608 1601 682 1656 ante
709 1594 930 1674 'Paprobanam
951 1594 1076 1655 insulas
1103 1590 1182 1653 mille

185 1706 349 1760 trecentas
371 1707 404 1760 et
424 1699 628 1780 septuaginta
650 1707 723 1760 octo
744 1700 826 1760 sitas
847 1717 938 1780 esse,
973 1699 1001 1758 is
1023 1715 1103 1759 esse
1122 1716 1182 1759 non

185 1813 295 1886 potest
313 1838 356 1849 -
369 1814 402 1866 et
416 1806 486 1884 ipse
505 1806 691 1868 confirmare
703 1805 831 1867 videtur
848 1805 1038 1867 sententiam
1065 1822 1184 1887 aarum,

185 1913 239 1994 qui
259 1920 382 1997 putant,
405 1913 532 1976 Arabes
551 1913 636 1974 aliud
659 1933 739 1993 opus
760 1913 955 1993 Ptolemaei,
983 1910 1067 1994 qaod
1095 1908 1185 1973 nohis

185 2018 248 2080 iam
269 2018 423 2101 perditum
446 2028 510 2098 est,
532 2020 564 2081 in
585 2039 677 2082 suam
699 2020 837 2101 linguam
853 2014 1089 2081 transtulisse.²
1108 2010 1186 2107 Ptol

185 2144 317 2205 rumque
342 2127 468 2188 fabulae
489 2147 509 2189 a
532 2127 669 2189 Graecis
690 2124 730 2188 ad
750 2127 877 2191 Arabes
899 2127 1105 2211 transierant,
1125 2110 1186 2191 nah

186 2238 293 2290 tamen
314 2248 441 2312 semper
464 2232 587 2293 ostendi
608 2242 732 2316 potest,
763 2253 899 2313 quanam
926 2236 1048 2297 ratione
1075 2234 1109 2297 id
1133 2234 1199 2303 lai

187 2344 274 2397 otum
293 2336 344 2398 sit.
364 2339 443 2401 Eius
465 2340 593 2418 generis
614 2347 664 2402 est
684 2341 820 2402 narratio
843 2340 884 2402 de
904 2338 1058 2402 t'ormieis¹
1072 2360 1186 2423 aarum

165 2468 172 2489 ν
187 2441 425 2526 effodientibus,
456 2464 551 2524 quam
580 2446 765 2508 Herodotus
789 2457 822 2508 et
848 2467 889 2508 ex
911 2449 1062 2510 Nearcho
1091 2457 1187 2531 atque

187 2548 404 2630 Megasthene
429 2552 594 2632 Arrianus,
618 2551 790 2633 Diodorus,
813 2552 947 2632 Plinius,
969 2552 1020 2614 alii
1048 2552 1187 2635 tradunt,

189 2664 222 2719 et
242 2674 324 2737 quae
345 2676 476 2737 prorsus
499 2659 570 2719 talis
592 2659 709 2741 legitur
729 2659 814 2738 apud
829 2654 1062 2742 Qazvinium³,
1084 2678 1188 2741 nequo

186 2761 312 2829 aliunde
332 2765 456 2825 nisiex
478 2763 616 2830 Graecis
645 2768 744 2845 petita
774 2781 850 2826 esse
878 2775 996 2851 potest
1038 2768 1188 2849 Amplam

188 2870 220 2929 in
239 2869 301 2930 hae
322 2888 358 2930 re
378 2871 542 2931 materiam
564 2872 708 2951 praebuit
728 2871 862 2932 historia
882 2872 1067 2935 Alexandri.
1092 2870 1189 2951 Quod

188 2977 315 3039 Arabes
337 2975 378 3037 de
399 2977 450 3056 iis,
473 2979 603 3057 quaein
623 2977 712 3038 India
733 2979 787 3037 vel
808 2981 948 3060 gesserit
975 2981 1028 3042 vel
1046 2980 1187 3063 ‘viderit‚

188 3089 328 3164 narrant,
349 3081 418 3141 sere
438 3100 501 3141 non
522 3082 647 3143 variata
667 3083 815 3165 leguntur
837 3086 869 3145 in
893 3083 1031 3147 Graecis
1052 3084 1094 3147 de
1106 3087 1189 3149 Ale-

189 3189 311 3252 xandro
332 3186 465 3271 fabulis,
488 3189 637 3268 imprimis
658 3192 689 3254 io
710 3194 760 3275 iia,
782 3211 865 3275 quas
887 3193 960 3258 taisi
983 3192 1188 3263 Callisthenis

208 3511 235 3582 1)
251 3514 359 3567 Fraehn
377 3517 412 3566 ad
429 3516 478 3565 Ilm
495 3517 601 3583 Fnelaa
618 3532 644 3580 p.
661 3520 801 3584 xvlsqq.

205 3604 236 3673 2)
252 3607 287 3657 et.
304 3607 420 3657 Fraehn.
436 3605 455 3658 l.
473 3605 493 3657 1.
509 3620 535 3668 p.
552 3608 652 3658 leth

205 3699 236 3754 3)
254 3694 375 3760 Q'azvini
393 3711 418 3759 p.
436 3699 478 3747 ts.

207 3788 237 3853 4)
256 3788 297 3835 st.
315 3784 398 3836 croix
414 3784 537 3837 Examen
550 3789 597 3837 des
614 3788 679 3839 litat.
697 3788 800 3841 d'Alex.
817 3807 843 3855 p.
864 3795 923 3845 tos.
