2474 4500
584 287 790 347 „44-

174 473 305 555 derunt3
326 482 439 555 postea
459 482 566 534 tamen
587 471 686 533 muita
707 470 737 531 in
756 468 1165 553 Baiharamtranstuiemnt,

172 586 304 665 quaein
326 585 404 646 aiios
432 583 542 644 Indiae
569 600 665 664 reges
696 581 814 644 valent.
855 584 905 643 lta
931 582 1045 645 neseio
1072 580 1161 645 anili

174 693 236 755 iam
247 688 399 753 iiiastidio
416 689 579 771 acciderit,
603 707 697 770 quum
717 688 840 769 regiam
860 688 970 751 urbem
978 688 1162 755 Minkirvei

171 785 292 904 ερὲ
283 822 314 863 m
334 800 492 862 montibus
512 799 607 860 sitam
628 799 668 859 ab
699 799 919 879 antiquissimo
945 808 1093 881 tempore
1116 792 1161 865 lnss

173 927 245 989 diae
266 937 363 1007 eaput
386 926 488 987 fuisse
508 926 600 1005 veiit3
623 924 733 986 urbem
755 924 838 987 enim
875 912 1094 1008 Ug'g'ayinim
1112 924 1162 989 de-
1189 947 1203 989 a

171 1038 321 1119 signasse
342 1034 495 1098 videtur¹.
536 1033 736 1097 Posteriores
757 1032 871 1094 deinde
898 1035 1004 1097 omnia
1039 1038 1161 1099 eontul-
1193 998 1203 1109 i

170 1146 293 1222 barunt,
324 1152 357 1207 et
383 1144 540 1206 Baiharee
567 1144 728 1205 ascribunt
753 1128 922 1225 Kanog'ae
953 1162 1090 1224 regnum
1117 1144 1203 1207 nl--
1193 1208 1203 1245 ἱ.

171 1248 262 1315 aiia².
1057 1310 1062 1327 ,
1200 1250 1203 1274 ²

253 1364 290 1422 ln
317 1359 474 1423 Baiharae
502 1359 618 1422 ditione
649 1340 710 1420 tria
738 1356 939 1438 potissimum
973 1342 1163 1423 commemo·
1197 1436 1203 1469 Ι

169 1477 277 1530 rantur
312 1469 455 1548 emporia
485 1469 525 1529 ab
559 1467 719 1529 Arabibus
753 1467 971 1548 frequentate,
1000 1466 1203 1560 sumana,
1196 1482 1203 1526 t

169 1593 233 1655 quo
253 1574 405 1653 imprimis
427 1570 617 1634 Adeueuses
645 1592 747 1635 naves
775 1573 1029 1653 appellebantur,
1066 1576 1175 1639 Kam·
1197 1562 1203 1695 ἲ

168 1680 253 1763 biya
279 1681 355 1743 urbs
391 1700 412 1741 a
442 1682 550 1743 multis
575 1681 733 1743 Muslimis
764 1681 923 1769 habitata,
956 1693 989 1747 et
1028 1672 1202 1769 Barog'³·

235 1913 346 1962 mortuis
363 1912 443 1961 lat-ius
460 1917 545 1977 patet,
563 1927 643 1977 quam
659 1915 815 1979 plerumque
833 1916 973 1967 observari
995 1919 1080 1971 video
1090 1954 1102 1985 ,
1121 1934 1169 1973 eu·

231 2005 271 2055 ius
294 2005 333 2055 rei
354 2005 439 2055 multa
460 2006 552 2068 colligi
575 2009 687 2067 possunt
710 2008 842 2067 exempla.
876 2008 919 2056 lix
947 2002 1167 2061 luculentissimis

233 2106 328 2142 einum
345 2096 387 2140 est
405 2089 593 2157 Λαχινιιβάιῖης,
612 2095 783 2155 quodminus
800 2098 863 2157 apte
880 2109 896 2145 e
919 2098 1009 2147 torma
1030 2100 1177 2151 sanskma

232 2188 321 2245 potest
339 2183 475 2249 explicari,
494 2196 589 2232 verum
607 2190 697 2235 tamen
713 2188 747 2234 ad
762 2186 867 2236 literam
887 2191 1009 2271 exprimit
1021 2188 1170 2255 prikritan

234 2278 450 2359 {Qunam
472 2291 567 2341 literae
590 2292 659 2341 enim
677 2295 787 2342 mutatio
805 2296 893 2345 rarior
908 2297 936 2346 in
951 2304 973 2353 it
988 2297 1017 2348 in
1039 2300 1094 2349 ltoe
1116 2314 1169 2351 vo-

232 2400 329 2448 cabulo
348 2400 446 2449 usitate
463 2404 521 2465 est,
554 2400 633 2450 l'iiir.
652 2400 697 2465 17,
717 2406 740 2455 1.
758 2404 841 2456 laena
875 2408 917 2455 lta
932 2408 1056 2475 formae,
1072 2410 1170 2473 quales

232 2513 295 2558 suut
313 2504 446 2575 σιὶκχαρον,
461 2506 575 2579 minanam
592 2526 627 2561 ex
642 2487 730 2592 *litim
755 2490 842 2593 ἐπῇ,
860 2514 1036 2565 titulationem
1058 2512 1170 2575 orturi-

232 2613 311 2663 tieam
327 2615 477 2681 subierunt,
495 2629 564 2678 quae
581 2617 685 2666 Pettius
701 2617 947 2678 Etymol.1‹'orseh.
963 2622 1000 2685 11,
1011 2620 1078 2675 427.
1095 2624 1168 2675 laiso

231 2716 265 2751 ex
283 2717 333 2752 sua
351 2718 429 2765 quam
446 2707 566 2755 nominat
583 2708 782 2758 dissimilatione
799 2711 938 2761 literarum
955 2713 1083 2773 explicat.

184 2814 213 2871 l)
229 2813 345 2863 Aliunde
362 2812 432 2864 enim
442 2798 541 2893 ,effi
558 2817 622 2865 urbs
637 2830 749 2878 prorsus
767 2819 903 2883 incognita
921 2827 963 2872 est
981 2836 1168 2877 neeeommo·

232 2924 292 2969 dam
309 2923 501 2986 etymologiam
525 2925 689 2976 sanskritam
709 2931 841 2990 praebere
865 2934 986 3000 videtur,
1016 2938 1069 2988 nisi
1097 2942 1167 2991 veiis

226 3038 365 3110 W,
382 3036 454 3095 quod
477 3036 552 3085 deest
573 3038 677 3100 quidem
699 3038 770 3090 inter
789 3042 897 3093 nomina
920 3044 992 3095 urbis
1011 3048 1046 3097 ab
1063 3050 1166 3101 Henio-

231 3134 339 3188 c'audre
352 3142 401 3203 lv,
419 3140 465 3190 41.
484 3145 526 3192 ed.
546 3142 620 3196 Calc.
636 3160 660 3206 p.
675 3145 720 3194 76.
734 3152 922 3216 enumeratas,

229 3375 424 3441 significatione
441 3384 529 3428 tamen
546 3393 607 3429 eum
623 3367 739 3440 &W
759 3384 897 3434 convenit.
920 3386 1010 3436 nouis.
1031 3386 1164 3441 aistan-

230 3503 298 3552 telsl.
315 3516 340 3565 p.
360 3499 420 3550 172.
439 3515 554 3566 regnum
571 3500 680 3555 litatur
697 3508 732 3555 ad
754 3519 828 3557 mare
835 3492 908 3593 pm
924 3512 1002 3561 situm
1027 3526 1091 3563 esse
1114 3518 1164 3581 ait,

228 3612 277 3658 sed
295 3611 368 3659 addit
385 3611 475 3660 urbem
495 3612 630 3660 Lahoram
652 3614 687 3659 ad
704 3610 730 3661 id
745 3614 890 3682 pertinere,
914 3623 985 3681 quod
1004 3633 1059 3672 non
1079 3624 1164 3677 facile

230 3718 356 3781 explicari
373 3724 472 3782 potest.
505 3721 557 3769 i'ro
575 3703 666 3804 viiii,
684 3724 754 3783 quod
778 3728 868 3775 exstat
885 3726 911 3777 ln
934 3730 997 3779 edit.
1013 3730 1164 3787 Fieiselteri

226 3835 244 3884 l.
262 3837 280 3886 l.
299 3840 326 3887 et
341 3853 366 3901 p.
388 3839 624 3894 inscribendum
642 3851 684 3896 est
696 3834 784 3941 Q,
813 3856 882 3918 quod
908 3856 979 3908 aliud
1002 3860 1161 3917 Guzeratae
