2474 4500
132 451 289 527 ainana
309 470 405 517 omen
424 449 609 515 mundum
629 469 693 513 uno
715 455 772 512 aut
790 466 910 532 sugero
927 456 989 515 >aut
1007 447 1114 513 demi·
1218 460 1222 473 ·

131 577 208 623 nara
226 559 451 629 consuevisse.
493 558 603 647 Quem
616 575 739 620 morem
764 557 905 619 imitatus
934 558 1006 639 ipse
1033 575 1114 639 pro·

130 668 305 739 tubiaznou
325 669 411 729 mille
433 665 581 730 iu'suum
602 685 684 748 opus
706 667 849 749 collegit,
872 664 932 728 scd
952 672 1115 749 nongenta

129 773 286 856 magiuts
306 791 433 835 novem.
474 771 599 834 Eadem
620 769 662 834 ad
682 772 863 853 primarium
884 772 1025 834 noctium
1050 789 1115 833 nu·

127 902 232 949 mum
251 885 437 948 mutandum
459 884 559 946 foisse
579 883 708 946 videtur
727 885 819 947 ratio.

194 993 311 1072 Qualis
331 989 475 1055 Maatdii
500 1000 644 1073 temporo
674 992 750 1073 fuit,
783 992 862 1053 liber
896 991 1026 1065 acinos
1053 1009 1117 1055 uon

68 1180 71 1187 Ι
123 1100 271 1179 nocuit.
291 1099 454 1161 liecensio
474 1097 570 1159 hodie
591 1098 623 1159 in
643 1098 744 1159 variis
765 1099 969 1161 versionibus
991 1108 1024 1162 ct
1044 1097 1117 1162 cdi·

68 1222 80 1295 ff
119 1207 248 1269 tionibus
268 1205 426 1268 inchoatis
448 1212 597 1286 exstans,
618 1223 705 1267 nova
727 1213 778 1277 est
801 1215 833 1267 et
854 1206 937 1267 inter
959 1204 1117 1269 decimum

119 1321 259 1394 quartum
281 1320 315 1374 et
337 1311 495 1373 decimum
515 1319 642 1372 sextum
664 1308 827 1372 sacculum
848 1311 879 1372 iu
893 1311 1048 1394 Aegypto
1064 1311 1116 1373 in-

119 1418 304 1502 stituta,'ut
332 1418 461 1508 Saoyus
490 1418 590 1480 voluit
618 1425 652 1479 ct
678 1418 889 1480 Ficischerus
921 1438 965 1481 ex
993 1417 1118 1482 dicendi

115 1545 232 1609 genero
253 1526 396 1607 pluribus
416 1525 563 1608 probavit
571 1517 593 1586 ‚⁶
633 1526 728 1587 Haec
751 1526 815 1588 iam
844 1526 976 1588 multum
1005 1543 1024 1588 a
1050 1525 1118 1606 pri-

116 1635 325 1701 stinariorma
350 1636 503 1715 recessit,
545 1653 624 1696 sane
653 1634 737 1696 band
771 1636 804 1697 in
837 1636 952 1699 melius
984 1640 1117 1699 mutato.

116 1743 242 1805 llarurn
255 1760 342 1804 ¹uero
363 1742 572 1804 mutationum
602 1740 665 1804 ‹luo
694 1761 815 1825 genera
842 1752 933 1825 sunt,
970 1742 1051 1804 inter
1078 1759 1119 1805 sc

114 1852 195 1927 satis
215 1836 373 1911 'diversa
416 1849 511 1911 Prius
544 1850 750 1909 mutationum
778 1866 883 1928 genus
916 1866 1025 1910 earum
1054 1855 1118 1929 est,

114 1976 196 2041 qnae
215 1938 425 2041 necessariae
446 1966 538 2018 crant
557 1955 598 2017 ad
619 1957 732 2018 librum
754 1954 963 2017 orthodoxiae
991 1962 1025 2017 et
1044 1973 1125 2042 mo-¹

114 2064 200 2127 ribus
222 2064 444 2125 illuslimorum
466 2062 771 2125 accommodandum
781 2058 802 2122 ⁷.
826 2060 1000 2142 Oportebat
1014 2061 1120 2124 omnia

113 2174 245 2236 indicae
275 2173 439 2254 religionis
478 2173 619 2254 vestigia
659 2171 819 2234 obliterari
852 2178 884 2233 ct
919 2171 951 2233 in
987 2169 1119 2234 deorum

113 2280 294 2351 Indicorum
315 2278 409 2339 deum
435 2285 497 2358 opt.
519 2297 616 2358 man,
652 2277 684 2338 in
704 2277 853 2338 librorum
875 2294 1040 2338 sacrorum
1068 2274 1121 2338 lo-

116 2404 188 2448 cum
209 2384 371 2464 Qura‘tnum
395 2383 561 2463 substitui3
604 2385 701 2444 ctiam
729 2383 913 2466 daemonia,
957 2402 1039 2464 quae
1059 2383 1122 2451 uisi

113 2470 226 2556 soluta¹
244 2500 314 2554 tota
335 2493 514 2554 narratione
536 2491 652 2572 expelli
674 2482 737 2552 uon
757 2497 920 2570 poterant,
942 2490 1121 2552 nominibus

113 2604 231 2664 saltem
269 2600 437 2682 designata
472 2608 548 2661 sunt
578 2598 690 2680 partim
723 2615 765 2656 cx
793 2604 941 2658 veterum
977 2596 1121 2660 Arabum

133 2865 165 2919 5)
184 2865 216 2912 ln
234 2865 320 2924 praet.
338 2865 372 2912 od
395 2877 470 2913 suam
493 2864 697 2926 proverbiorum
720 2865 897 2943 arabicorum
926 2845 1123 2912 collectionem.

129 2954 162 3008 6)
181 2953 213 2999 Iu
236 2951 329 3000 libello
354 2953 386 2999 aie
409 2951 508 3013 glossis
530 2950 708 3001 liabichtianis
730 2950 757 2999 in
780 2947 827 3014 mj.
849 2953 944 3000 noctes
963 2948 1035 2997 edito
1058 2947 1123 3012 laps,

184 3043 266 3093 18³6.
283 3043 390 3102 passim.

127 3130 161 3188 7)
183 3129 273 3178 Etiam
291 3129 407 3178 inlibris
426 3128 558 3179 Arabicae
578 3127 690 3192 originis
713 3141 769 3180 non
792 3127 924 3192 suspectis
950 3124 1124 3176 inveniuntur

159 3219 250 3279 ,tales
268 3218 440 3282 mutationes,
460 3219 553 3280 quibus
571 3232 615 3267 res
633 3219 741 3268 Indicae
757 3231 859 3270 scenae
876 3215 1010 3268 Arabicae
1033 3215 1121 3279 magis

182 3317 266 3375 aptae
284 3315 468 3376 redderentur.
502 3317 554 3377 lta,
574 3316 602 3362 ut
621 3327 701 3362 unnm
719 3316 769 3362 boc
787 3315 939 3374 exemplum
963 3324 1123 3374 proponam,

187 3418 295 3468 versus,
314 3404 400 3466 quiin
420 3405 561 3469 naupli,
581 3407 605 3453 d.
624 3403 849 3466 39.ita1egitur:
869 3404 912 3452 leo
932 3404 1024 3452 tboem
1036 3401 1125 3449 ettam

185 3509 282 3558 prope
301 3497 484 3544 accedentem
502 3497 682 3558 aspernatur
701 3497 728 3544 et
746 3496 929 3556 elephantum
946 3491 1065 3552 sternit,
1098 3489 1125 3539 iu
1153 3552 1164 3560 -

188 3587 259 3634 libro
278 3585 368 3635 Kaiilo
385 3601 411 3647 p.
434 3588 480 3635 8³.
503 3587 541 3636 sic
563 3587 694 3638 vertitur:
729 3585 805 3634 sicat
828 3587 887 3644 leo,
922 3581 970 3644 peti
995 3582 1124 3642 teporem

123 3692 133 3704 ’
189 3678 321 3740 venatus,
334 3676 359 3725 ai
371 3679 515 3726 carnelum
527 3676 644 3739 aspicit)
657 3677 710 3726 iilo
729 3673 833 3723 relicto
853 3673 930 3721 banc
941 3670 1126 3735 persequitur

193 3771 297 3873 ipa
320 3770 430 3866 ,past
463 3772 524 3861 σῖ,
552 3764 603 3837 tib
630 3764 749 3871 „pail
775 3776 878 3865 &aar
903 3757 997 3854 &titt
1025 3760 1127 3832 aaut
