2474 4500
613 323 843 386 ..220-

223 504 271 564 lbi
292 505 364 565 avis
385 506 506 587 ingenti
527 525 660 587 corpore
680 506 824 587 praedita
842 509 873 568 in
894 511 999 597 aliqua
1018 511 1127 572 insula
1148 528 1224 573 csse

223 608 336 671 dicitur
343 652 363 695 ‚·
390 596 492 673 cuius
514 613 542 673 si
562 622 686 675 mortua
710 615 804 675 suerit
831 623 935 676 rostro
963 614 1093 678 dimidie
1116 615 1222 679 bami-

222 736 281 778 nes
300 716 357 798 p'ro
379 721 453 781 navi
475 721 545 803 ipsa
565 721 597 782 in
618 721 697 782 mari
717 729 852 783 utuntur.
873 755 916 765 -
958 724 1011 785 bix
1032 723 1102 784 eius
1125 723 1221 785 mira·

220 825 300 886 culis
330 835 380 888 est
409 829 503 910 urbs,
550 847 647 909 quam
677 829 732 910 qui
760 832 855 892 intrat
886 832 1093 918 peregrinus,
1137 832 1220 895 coire

223 937 348 996 omniuo
370 956 432 997 non
448 946 568 1021 petest,
591 958 697 1020 neque
716 940 745 1000 si
765 939 796 1000 iu
820 959 860 1000 ea
880 940 1044 1023 subsistit,
1074 938 1219 1021 quamdiu

221 1041 264 1101 ibi
284 1050 431 1104 moratur.
474 1034 612 1107 Dernum
640 1056 810 1127 postquam
832 1066 871 1108 ea
895 1047 985 1128 exiit,
1010 1046 1218 1128 impedimen·

221 1153 286 1228 turn
321 1149 450 1228 pristina
484 1151 662 1212 conditione
700 1155 846 1216 restituta
879 1164 998 1217 cessat.
1026 1190 1069 1200 -
1100 1157 1217 1219 Anetn

220 1255 289 1316 libri
308 1258 392 1318 Doni
413 1260 604 1321 Mirabilium
631 1261 672 1322 ibi
705 1263 810 1323 lacum
837 1280 914 1323 esse
940 1271 1065 1347 narrat⁷
1110 1262 1217 1325 decem

220 1380 419 1446 parasangas
441 1365 568 1445 longum
590 1365 784 1448 totidemque
806 1368 921 1450 latum,
955 1369 987 1428 in
1009 1369 1101 1430 cuius
1123 1368 1216 1431 funda

169 1470 211 1531 78
220 1489 302 1550 aqua
324 1473 488 1556 scaturiat,
511 1474 595 1535 nulla
615 1494 672 1554 per
693 1475 809 1535 fluvios
832 1475 980 1536 advecta.
1021 1476 1060 1535 In
1080 1494 1123 1537 aa
1151 1472 1217 1537 nni-

219 1578 315 1640 malia
336 1589 412 1640 sunt
432 1581 565 1643 hominis
594 1582 710 1665 figura⁷
734 1602 818 1664 quae
838 1592 935 1645 noctu
956 1601 1074 1664 magun
1088 1601 1217 1645 numera

219 1709 354 1774 egressa
382 1692 413 1752 in
441 1691 533 1752 litore
560 1690 679 1773 ludunt,
712 1691 844 1770 saltant,
872 1708 986 1751 manus
1007 1689 1218 1771 complodunt.

217 1800 303 1860 luter
324 1817 364 1858 ea
384 1797 507 1878 puellae
528 1797 679 1876 pulchrae
700 1806 791 1876 sunt3
821 1795 928 1857 itidem
950 1816 969 1857 e
989 1798 1062 1858 lacu
1074 1796 1219 1859 animilia

219 1904 424 1987 egrediuntur
466 1905 576 1985 specie
616 1924 678 1964 non
715 1903 869 1984 humana,
912 1911 946 1965 at
987 1904 1075 1965 miris
1110 1904 1219 1967 tornis

217 2015 369 2095 praedita.
411 2015 568 2075 Homines
590 2014 621 2074 in
642 2015 787 2075 noctibus
809 2014 881 2075 luna
902 2014 1078 2075 illustribus
1109 2016 1220 2077 elcu-

216 2124 334 2204 ginquo
372 2120 536 2183 adstantes
570 2140 609 2182 ea
646 2121 841 2201 adspiciunt3
885 2129 980 2182 aucto
1008 2122 1220 2201 spectantium

216 2249 346 2292 numero
394 2229 488 2289 etiam
534 2228 624 2306 plura
671 2235 797 2288 exeunt.
855 2227 963 2308 Saepe
1005 2228 1127 2291 multos
1167 2228 1220 2291 af-

217 2335 322 2396 ferunt
348 2338 491 2416 fruetus,
528 2351 611 2413 quos
643 2331 741 2392 edunt
775 2350 973 2413 quorumque
1004 2332 1160 2415 reliquiae
1188 2332 1219 2393 in

218 2442 309 2503 litore
330 2448 501 2501 remanent.
540 2439 576 2501 Si
596 2457 692 2498 unum
714 2457 756 2498 ex
777 2437 816 2498 iis
838 2438 989 2522 moritur,
1032 2438 1065 2501 id
1103 2460 1124 2501 e
1149 2442 1219 2503 lacu

220 2548 357 2610 efferunt
366 2544 649 2626 eiusquepudenda
658 2545 1220 2625 lutotegunt.Abhominibusdaiudc

220 2657 391 2736 sepelitur3
423 2652 570 2734 quamdiu
592 2673 671 2714 vero
693 2653 724 2714 in
745 2655 836 2715 litere
850 2663 969 2727 manet,
992 2656 1113 2719 nullum
1128 2674 1220 2737 pror·

219 2783 275 2826 sus
298 2785 340 2826 ex
362 2783 447 2845 aqua
469 2763 544 2823 exit.
573 2795 615 2807 -
645 2762 734 2823 Dixit
762 2772 876 2825 auctor
902 2764 970 2826 libri
990 2765 1219 2831 Miraculcrum

218 2895 332 2955 rerum,
355 2876 385 2935 in
407 2873 516 2934 ultima
536 2871 626 2933 India
647 2880 763 2932 terram
791 2891 865 2934 esse
895 2873 988 2934 cuius
1017 2860 1219 2937 areua'aurn

236 3249 265 3314 1)
284 3251 357 3298 llaec
374 3249 432 3299 sine
450 3250 527 3298 dubio
545 3250 674 3311 leguntur
703 3248 729 3294 in
752 3258 812 3304 cap.
836 3245 876 3296 16.
898 3244 957 3293 libri
978 3247 1085 3294 Pratar.
1108 3256 1218 3309 mmor,

283 3340 308 3387 in
327 3352 379 3402 quo
398 3341 430 3388 de
448 3340 551 3400 templis
562 3340 625 3403 agit.
643 3336 864 3404 Betadrijlrabet
881 3337 1053 3399 DeGuignes
1070 3348 1107 3386 ex
1119 3331 1217 3401 liaqbln

173 3458 176 3463 ¹
282 3475 316 3525 N.
334 3482 362 3526 ct
379 3476 506 3538 Extr.ll,
532 3474 594 3529 420,
618 3477 760 3527 Sanskrite
777 3481 895 3556 W
915 3484 976 3520 esse
1008 3472 1124 3524 videtur.
1135 3426 1218 3562 2:332

282 3610 361 3660 etiam
381 3612 484 3660 fructus
502 3624 600 3661 nomen
618 3617 670 3674 est,
689 3613 721 3659 de
740 3623 792 3671 quc
810 3609 853 3657 llrn
872 3602 1016 3671 Alg'azzir
1037 3606 1064 3655 in
1085 3606 1133 3655 lbu
1157 3600 1219 3653 uat-

281 3701 364 3748 tlraris
372 3702 434 3750 leco
444 3703 632 3762 ap,llarnaker
644 3701 903 3763 spec.0acu.p.12.
914 3701 1025 3749 laudato
1037 3701 1105 3750 baec
1116 3698 1218 3747 refert:

288 3794 510 3881 aaran
528 3798 626 3883 aa,
643 3791 760 3896 antu
787 3793 940 3892 teste
957 3789 1089 3879 aaut
1115 3788 1217 3886 ,Μ
