2474 4500
527 292 785 357 ..31„.

128 478 256 541 inierim
280 488 419 563 spectet,
445 478 577 561 prorsus
601 478 694 541 futile
723 486 792 558 est;
820 495 896 541 nam
912 495 956 542 ex
982 476 1125 539 &adum

127 587 332 669 swiptoribus
351 586 535 669 aequalibus
547 588 690 649 omnibns
702 585 1122 666 certissimeedoctisnmus,

128 713 236 756 omnes
270 694 342 776 ejus
371 694 510 778 regionis
543 690 703 777 principes
736 695 834 761 Indos
870 694 970 759 fuisse
1003 693 1121 757 Indicis

127 802 225 865 nuris
247 802 411 887 addictos,
444 805 506 866 etsi
525 804 801 867 Muharnmedanis
824 806 867 867 'dri
887 803 1121 887 negotiantibus

126 910 268 975 laverint.
284 912 381 975 Certo
397 922 503 976 autem
523 912 565 975 ad
588 914 796 994 posteriorem
821 921 960 977 aetatem
982 918 1121 994 spectat,

126 1017 207 1100 quod
226 1012 462 1103 idemtradit⁶,
483 1021 563 1083 inter
584 1039 686 1083 annos
708 1021 783 1085 Chr.
804 1021 866 1083 812
894 1029 928 1082 et
948 1019 1011 1083 836
1032 1017 1118 1101 (fug.

127 1126 1121 1206 lw-mlexeroitumdrabicumduceMaltmoothoroaoan

126 1236 188 1298 Prot
204 1235 239 1299 in
255 1234 379 1303 Indiam
396 1235 579 1299 incursasse
599 1243 632 1296 et
642 1243 763 1297 tautum
779 1234 941 1299 excitasse
955 1243 1119 1315 terrorem,

125 1350 153 1405 ut
170 1342 312 1425 undique
327 1345 487 1425 principes
507 1330 719 1425 Rag'aputani
739 1341 781 1403 ad
798 1339 1028 1405 defendendam
1042 1327 1115 1403 C'i-

125 1457 220 1533 tarem
246 1451 492 1513 conourrissent.
541 1450 639 1513 Nullo
664 1448 893 1530 probabilitatis
914 1447 1119 1513 fundamento

124 1556 193 1621 nixa
213 1564 267 1619 est
287 1556 380 1621 'l'odii
399 1555 602 1639 conjectura,
624 1576 697 1619 eum
716 1556 816 1619 fuisso
835 1551 1034 1638 Mandrum,
1067 1554 1120 1637 qui

123 1673 232 1745 mea
237 1664 360 1727 khaliia
372 1666 478 1727 factus
486 1673 547 1746 est,
561 1664 725 1727 peculium
732 1663 864 1727 historia
875 1650 1014 1725 nominat
1022 1663 1119 1725 Kho-

121 1769 432 1850 rlsiuacdominum,
446 1771 579 1852 inquom
588 1769 671 1831 haec
679 1770 842 1851 quadrent.
850 1770 994 1850 Apparet
1007 1769 1118 1850 potius

120 1876 195 1943 laec
215 1879 303 1941 dicta
322 1877 457 1941 esseda
477 1876 651 1941 Mahmude
664 1875 893 1960 Ghaznevico,
917 1877 971 1957 qui
992 1877 1118 1939 duobus

67 2028 73 2073 t
119 1986 255 2051 saeculis
275 1994 359 2069 post,
381 1986 441 2050 sed
460 1987 528 2049 fore
548 1984 661 2047 iisdem
681 1985 771 2046 anuis
790 1984 957 2047 aar-417
975 1985 1007 2046 iu
1025 1983 1117 2046 ludia
1177 1990 1181 1997 '

118 2089 326 2175 belligeravit,
341 2091 425 2153 uude
435 2092 531 2155 facile
544 2093 731 2174 perspicitur
739 2093 831 2155 'l'odii
843 2093 1115 2159 ratiocinationem

116 2185 285 2277 pdndpdi'
305 2197 443 2277 quodam
468 2218 579 2275 errore,
599 2199 752 2263 laborare.
787 2200 855 2263 His
885 2200 980 2282 igitur
1006 2199 1114 2265 missis

116 2320 153 2365 ex
172 2303 341 2367 annalibus
360 2304 624 2387 Kaqmirensibus
647 2307 824 2391 colligenda
853 2318 926 2371 sunt
946 2328 1002 2390 ea,
1031 2327 1113 2390 quae

114 2403 173 2471 huc
198 2415 350 2491 spectare
371 2409 516 2492 possint,
552 2429 742 2493 quamquam
768 2421 802 2475 ct
829 2412 869 2495 ii,
902 2420 937 2475 ut
961 2431 1057 2493 supra
1080 2414 1113 2475 in

113 2513 202 2581 simili
222 2534 270 2599 re,
292 2534 351 2578 nos
371 2517 569 2579 frustrentur.
597 2518 738 2582 Primum
766 2520 829 2581 huc
849 2519 926 2582 facit
953 2496 1045 2581 locds
1069 2518 1111 2585 lt.

113 2619 182 2683 l'ar.
201 2621 263 2685 IV.
284 2621 461 2707 277—306,
482 2623 513 2685 in
534 2641 595 2705 quo
609 2623 819 2705 Lalittdityas
840 2641 860 2684 a
881 2624 969 2706 rogis
986 2624 1111 2687 hostilis

113 2726 252 2791 ministro
273 2728 396 2811 Zopyri
417 2737 486 2791 arte
507 2729 661 2812 deceptus
694 2739 727 2792 et
746 2732 777 2793 in
806 2730 967 2794 desertum
993 2731 1110 2795 ductus

112 2833 216 2899 luisse
236 2846 391 2921 narratur,
421 2839 453 2901 in
479 2860 542 2922 quo
573 2839 627 2900 siti
648 2857 722 2902 cum
744 2840 886 2901 exercitu
906 2840 1031 2922 periret.
1072 2844 1107 2903 Is

112 2960 166 3007 rex
188 2943 303 3009 dicitur
330 2964 485 3028 regnasse
513 2950 545 3011 in
580 2948 696 3012 idcinia
732 2945 993 3034 Sikatasindhirs,
1024 2950 1109 3032 quod

112 3061 201 3115 acuat
222 3073 390 3117 arenosam
409 3057 557 3119 Stadium
577 3065 610 3118 et
636 3057 705 3121 sine
726 3057 818 3119 dubio
840 3057 1002 3121 desertum
1026 3059 1106 3122 sin-

113 3156 191 3223 diam
211 3159 293 3222 iuter
315 3169 348 3223 et
368 3161 488 3223 Indiam
509 3162 603 3224 situm
632 3162 797 3245 designat3
827 3181 900 3225 nam
919 3163 1106 3247 magnitudo

111 3264 179 3329 eius
198 3267 232 3329 iu
253 3267 383 3330 nimium
404 3277 498 3330 aucta
517 3277 636 3353 poetae.
660 3270 824 3332 tribuenda
844 3278 903 3333 eat.
946 3272 983 3336 Si
1007 3272 1105 3353 ¹igitur

112 3372 335 3461 Iatlitddityas,
354 3385 389 3441 ut
397 3396 439 3439 ex
449 3375 963 3467 praecedentibus·narrationibus
981 3375 1106 3437 videtur

110 3536 319 3555 -ι-ιι

171 3639 227 3690 vini
253 3654 278 3690 s.
307 3654 334 3689 v.
357 3634 469 3689 Multdn.
501 3638 532 3697 4)
555 3637 659 3687 Annals
688 3637 719 3684 ot
742 3629 803 3696 Raj.
818 3636 839 3683 1.
857 3633 917 3686 228.
935 3645 992 3696 sqq.
1025 3633 1056 3698 6)
1074 3647 1101 3696 p.

167 3732 230 3786 247.
252 3733 298 3784 48.

122 3851 152 3907 d)
169 3850 234 3901 lbid.
248 3865 274 3913 p.
292 3850 354 3904 248.
