2474 4500
549 272 781 337 ,903-

171 446 297 511 ioohum
321 448 499 538 Qamfioum
525 471 641 515 nomen
660 453 766 517 habet.
812 452 908 515 Haeo
933 463 987 518 eet
1014 454 1177 521 νὶΙίιιὶωι

170 557 330 636 agalloehi
351 559 497 639 speeies,
527 577 621 640 quam
641 560 722 620 inter
747 565 782 621 et
801 556 921 641 iignum
943 558 1173 641 vulgaredifl·

171 661 289 724 orimon
308 664 392 726 haud
413 664 494 727 adeo
516 684 667 747 magnum
688 673 747 726 est.

254 758 421 860 Qaruu'a,
444 773 520 834 urbs
541 772 651 835 Indica
670 773 801 835 Sindiae
820 774 943 857 vioiua,
965 776 1058 837 euius
1078 777 1184 839 inea.

170 878 221 940 iae
243 880 388 960 perfeeto
408 880 639 961 pulchritudine
659 879 812 966 gaudent,
834 892 869 944 ut
891 885 945 965 qui
965 883 1006 945 ab
1027 882 1119 955 ludia
1136 894 1171 947 et

169 984 283 1048 'furuis
305 983 513 1049 descendunt.
556 989 640 1051 Sunt
661 989 823 1069 Mualimi,
845 989 1037 1073 Christiani,
1058 988 1167 1053 ludaei

116 1096 202 1158 uuet
221 1093 323 1175 Magi.
364 1094 439 1155 Hue
461 1101 668 1172 exportantur
689 1112 815 1155 meroes
837 1097 1031 1175 'l'uroarum3
1053 1114 1165 1159 nomeu

167 1202 240 1265 iude
261 1202 358 1265 ducet
379 1188 591 1283 agoltoehum¹
605 1199 828 1290 Qaimrirense.
855 1205 892 1263 ln
918 1221 959 1263 ea
983 1211 1036 1265 ost
1056 1202 1165 1267 domun

166 1288 355 1398 Caimiuae,
383 1307 468 1391 quod
495 1310 644 1388 templum
665 1317 717 1370 est
742 1309 774 1369 in
796 1308 927 1391 fastigio
948 1309 1038 1390 rupis
1058 1308 1163 1389 u'tum,

166 1418 399 1479 sanctissimum
440 1413 525 1494 apud
559 1433 616 1475 eos
651 1423 684 1475 et
727 1413 863 1476 aedituis
896 1414 1005 1503 multis
1039 1413 1187 1491 uultum,-

167 1526 347 1589 Simulaora
368 1523 410 1583 ibi
432 1529 506 1583 sunt
527 1521 661 1583 callaide
683 1529 715 1582 et
735 1529 869 1603 granato
891 1521 1060 1604 confecta,
1087 1536 1164 1603 quea

165 1639 368 1695 venerantur.
410 1632 447 1690 In
468 1631 544 1690 urbe
569 1630 685 1709 templa
707 1626 971 1717 muhammedioa
995 1628 1163 1709 eooleaiae,

107 1815 110 1823 1
166 1753 358 1819 synagogae
377 1742 469 1812 euut3
492 1737 587 1795 etiam
608 1736 760 1814 templum
778 1735 863 1817 ignis
884 1736 1050 1797 euitorum.
1072 1732 1163 1799 Gea-

166 1845 238 1907 titeu
258 1842 301 1903 ibi
326 1841 473 1905 animalia
501 1858 561 1899 nou
582 1840 743 1922 ¹mactant,
776 1859 880 1920 neque
909 1858 1037 1902 earnem
1061 1860 1163 1931 nequa

159 1946 274 2031 ‘pieeoe
309 1968 412 2029 neque
445 1965 509 2008 ova
543 1946 648 2008 edunt.
693 1947 775 2009 Sunt
799 1955 905 2008 tamen
925 1946 1010 2007 iuter
1031 1964 1092 2013 eos
1113 1948 1162 2029 qui

166 2056 261 2119 edant
289 2056 434 2117 animalia
459 2072 479 2115 a
513 2073 590 2133 rupe
620 2053 745 2115 deiecta
772 2061 826 2113 aut
856 2052 1018 2116 arietando
1040 2053 1183 2137 oeuiaq.

164 2182 228 2225 uon
247 2175 351 2223 auem
368 2170 482 2242 sponte
503 2169 637 2222 mortua.
669 2162 762 2223 Haeo
784 2161 888 2220 omnia
902 2160 1045 2224 narravit
1057 2162 1162 2223 Muair

165 2267 227 2328 ben
248 2266 421 2347 Muhalhss,
449 2274 562 2327 auctor
589 2264 657 2324 libri
678 2264 869 2325 Mirabilium
897 2265 1082 2347 regionum,
1111 2262 1163 2347 qai

162 2374 392 2457 peregrinando
414 2381 517 2436 terras
538 2372 725 2453 peragravit
747 2391 919 2453 earumque
933 2372 1090 2437 mirabilia
1103 2390 1184 2443 ua·-¹

162 2483 245 2543 lamo
266 2479 439 2542 mandavit.
1121 2552 1124 2563 Ι

247 2586 418 2648 ΤΑῐνΑΝυῑ
451 2605 510 2647 arx
544 2584 654 2647 Indica
685 2585 897 2649 munitissima
931 2585 963 2649 iu
997 2588 1163 2651 cacumine

162 2693 299 2775 mantia,
328 2690 369 2754 ad
398 2705 506 2772 quaru‘
520 2690 626 2751 nullus
650 2697 702 2750 est
723 2688 840 2752 aditus.
881 2690 919 2752 ln
938 2701 1162 2775 monto'aqua,

162 2804 313 2880 segetes,
349 2798 453 2858 omnia
480 2795 667 2857 necessaria
692 2802 774 2854 sunt.
822 2797 904 2879 Eam
930 2798 1018 2877 oepit
1044 2796 1163 2879 Yamirr

164 2905 310 2967 aldaulah
335 2900 492 2967 Mahmtid
521 2904 583 2964 ben
612 2901 807 2983 Sabuktigiu
834 2922 915 2965 anno
943 2894 1162 2989 quadringeu·

161 3011 276 3072 tesimo
312 3009 590 3089 decimoquarto,
629 3016 799 3088 postquam
834 3028 905 3069 eam
942 3028 1015 3097 per¹
1035 3010 1163 3097 aliquod

160 3125 288 3195 tempus
311 3113 436 3175 obsedit
458 3121 490 3173 et
511 3113 632 3174 incolas
653 3114 684 3174 iu
705 3114 887 3195 angustiam
904 3114 1041 3199 redegit.
1070 3118 1163 3209 Fue-

160 3306 393 3320 m*-

178 3454 205 3517 1)
221 3453 306 3502 Deest
322 3452 393 3511 apud
410 3444 547 3511 Baqiium.
564 3449 669 3497 Nomen
687 3447 764 3497 ettam
782 3447 844 3497 alibi
861 3460 916 3497 non
932 3446 1041 3517 iuveni!

176 3538 207 3607 2)
224 3542 325 3591 Eadem
354 3539 432 3590 habet
462 3540 576 3588 Boehort
603 3540 638 3602 11,
662 3540 726 3592 851.
748 3539 783 3587 oi.
804 3540 944 3593 Herbelot.
967 3554 991 3589 s.
1016 3556 1044 3591 v.
1067 3540 1163 3595 Gauri

224 3632 319 3680 flendi.

177 3738 206 3801 ³)
217 3728 346 3822 βιῶ,
364 3734 481 3798 quodie
498 3738 557 3786 eod.
575 3739 645 3802 erat,
663 3736 701 3786 ita
717 3738 872 3787 mutandum
881 3748 943 3787 esse
954 3736 1164 3815 tauliterm
