2474 4500
478 283 682 347 *ῃ-

95 472 193 533 entam
221 468 325 535 fone
351 468 494 547 admon,
532 485 613 550 quoe
631 466 674 529 ibi
699 468 884 533 Alexander
921 466 1074 552 invenit⁵,

95 577 139 643 rei
171 578 243 640 nine
271 567 366 641 dnbio
400 576 628 659 persingulas
661 576 803 640 mioniae
838 595 878 639 eo
910 576 1081 640 ‹ledootoae

95 686 272 769 Aborigines
299 685 384 747 enirn
408 703 465 766 per
492 702 585 746 omne
611 691 740 766 tempus
763 684 936 748 mammam
970 693 1076 748 terrae

95 801 200 875 prtem
234 793 379 855 tenuieeo
406 790 569 873 videntur,
597 791 682 854 unde
710 792 806 855 etiam
839 793 920 855 inter
951 793 1079 856 nomina

95 901 229 983 pullum,
253 917 335 980 qnae
354 898 476 961 Plinius
507 897 547 962 ad
566 898 678 961 Indum
705 899 862 982 degentes
888 903 996 987 novit,
1017 903 1077 967 vix

95 1024 175 1068 mom
194 1006 251 1067 vel
269 1006 405 1067 alterum
424 1005 617 1067 eanakritam
639 1006 794 1088 originem
819 1005 937 1069 indiam
945 1000 971 1068 ⁶.
991 1007 1078 1070 Fieri

95 1132 142 1175 oon
159 1113 278 1194 potnit,
300 1111 375 1194 qoin
385 1110 584 1173 Brelrmanao
604 1113 708 1194 magia
720 1112 888 1194 magisque
910 1116 1079 1196 propagati

95 1229 207 1283 meroe
227 1218 354 1281 incolae
375 1218 583 1302 repellerent,
609 1235 695 1299 quae
714 1237 779 1299 res,
801 1236 896 1301 quom
922 1223 1075 1301 paulatim

95 1333 189 1411 aper
207 1345 324 1411 paoem
343 1333 520 1409 generatae,
541 1324 674 1389 historia
688 1343 728 1387 eo
740 1325 846 1387 minue
860 1322 932 1408 ejus
944 1345 1079 1391 servare

103 1481 300 1501 m

145 1580 279 1645 norgenl.
296 1580 386 1632 initi.
406 1576 469 1630 teo.
502 1576 633 1642 Designat
652 1576 755 1629 Indiam
771 1576 872 1645 ipsam,
894 1578 944 1629 seo
964 1575 1079 1631 neminie

147 1672 216 1723 neo
233 1672 306 1723 laod
321 1664 433 1730 prorant
455 1669 548 1732 liquet.
580 1670 739 1721 Interiorem
768 1671 870 1721 Indiam
890 1667 936 1734 τήν
961 1666 1080 1734 ἐνδοτέρω

139 1760 232 1815 'irim
253 1762 397 1827 eorlptoree
419 1762 618 1814 ecelesiastiooe
639 1764 767 1814 Arabiam
789 1765 894 1814 felicem
916 1767 945 1812 et
965 1762 1080 1812 Aethio·

143 1855 216 1921 piam
233 1854 372 1904 nominare
389 1856 510 1917 constat3
527 1858 598 1918 apud
615 1856 704 1917 Syros
721 1869 782 1905 eam
798 1855 1008 1918 appellationem
1024 1865 1080 1905 non

147 1942 247 2010 inveni,
263 1956 350 2006 neque
367 1944 474 1995 aliunde
495 1947 646 1997 assemano
670 1945 779 2009 cognita
802 1947 861 1993 erat
885 1945 920 1992 ei.
942 1944 1006 1992 Bibl.
1030 1943 1078 1993 Or.

147 2034 194 2100 111,
211 2033 241 2100 a,
259 2035 342 2098 otili„
363 2032 467 2083 nisiex
488 2035 644 2085 narratione
673 2035 707 2084 (ie
734 2031 866 2094 martyrio
884 2031 1081 2109 liomerItarom

148 2152 253 2200 Assem
269 2150 291 2197 1.
307 2150 371 2199 669.
387 2163 454 2215 sqq„
472 2149 499 2199 in
515 2159 569 2210 qua
585 2151 675 2202 exstat
691 2132 797 2219 illm
827 2156 924 2232 orior,
941 2148 991 2197 sed
1018 2158 1080 2197 eam
1122 2152 1124 2159 ’

148 2276 182 2314 ex
197 2263 307 2314 Graeco
324 2276 432 2314 versam
449 2275 512 2312 esse
529 2263 608 2312 facile
633 2262 811 2324 demonstrari
832 2250 931 2325 potest
964 2261 1080 2311 Aethio-

147 2366 193 2417 pes
209 2357 302 2407 tamen
317 2354 370 2405 lam
387 2354 414 2405 in
429 2351 568 2405 Peeohitho
585 2354 643 2403 indi
659 2358 795 2406 vocantur
818 2354 837 2404 2
853 2354 942 2403 Parel.
966 2353 1015 2416 at,
1035 2351 1081 2417 16,

148 2450 175 2496 et
189 2447 310 2496 tortasse
325 2445 452 2497 Arabiam
469 2447 517 2497 vel
533 2448 701 2510 Aethiopiam
718 2449 758 2498 lta
776 2447 896 2498 nominat
913 2447 1079 2510 Eplraemns

149 2535 214 2600 0pp.
231 2521 296 2598 Syr.
316 2535 418 2586 4661).
435 2538 618 2588 liarhebraens
632 2539 691 2588 sine
710 2540 788 2589 dubio
803 2538 1011 2602 appellationem
1022 2536 1083 2587 hoie
1166 2596 1169 2605 ¹

150 2630 297 2693 oppositam
313 2628 445 2680 intellexit
462 2633 495 2680 de
511 2631 580 2698 ipsa,
598 2645 676 2696 quam
688 2645 740 2684 nos
753 2646 882 2683 vocamus
898 2631 989 2696 india,
1006 2631 1082 2680 cuiue

149 2736 211 2772 neue
221 2722 344 2785 exempla
363 2725 509 2789 quaedam,
519 2725 568 2773 sed
585 2724 690 2790 rariora
707 2724 787 2773 etiam
804 2724 875 2784 apud
892 2725 984 2785 patres
1001 2721 1082 2769 inve-

150 2815 264 2865 niuntur.
299 2814 382 2865 Certo
395 2816 446 2864 hoe
464 2818 581 2878 pertinet
606 2816 685 2864 locos
704 2813 789 2863 Rufini
806 2815 819 2861 l
839 2815 865 2864 9.
891 2812 976 2862 Inter
993 2821 1080 2875 quam

148 2906 259 2966 (iodim
280 2907 654 2973 citerioremJPorttiamque
671 2905 767 2956 medica
783 2905 832 2953 sed
847 2905 929 2967 lonae
939 2901 1080 2952 interiore

151 3003 250 3053 tractu
263 3002 353 3051 India
368 3000 494 3051 ulterior
510 2999 603 3064 iacet,
622 2997 722 3048 mettio
737 2996 831 3046 eoriio
846 2993 954 3059 linquis
969 2994 998 3043 et
1009 3002 1080 3056 pea-

151 3095 224 3148 titur
243 3094 385 3144 habitato.
418 3092 545 3143 similiter
561 3092 630 3154 apud
653 3091 721 3141 alios
743 3092 835 3151 patres
860 3084 983 3146 usurpari
1005 3084 1084 3134 vide-
1109 3096 1113 3102 ·

149 3191 191 3235 tor
207 3181 221 3250 ἢ
237 3179 428 3251 inperfecta,
447 3185 495 3232 sed
518 3183 602 3232 minos
621 3186 725 3245 aperte,
744 3193 824 3243 quum
847 3187 1023 3242 quaecunque
1048 3176 1081 3223 de

149 3276 194 3327 illa
224 3279 338 3328 narrent
367 3277 402 3325 ad
426 3274 553 3324 Arabiam
585 3273 729 3322 referende
756 3271 817 3322 sint.
851 3270 930 3330 Apud
958 3266 1082 3316 cosmam

150 3379 198 3418 eae
226 3367 422 3430 appellationes
445 3365 544 3414 iamin
570 3364 650 3413 alium
676 3364 795 3412 deflexae
824 3364 887 3409 suot
914 3369 1037 3407 sensum:
1071 3377 1086 3418 q

149 3460 254 3528 ἓσωτὲρα
271 3458 350 3511 ’Irim
376 3461 457 3511 etiam
483 3458 586 3509 indiam
618 3456 810 3520 complectitur.
839 3454 891 3507 182
916 3453 949 3514 D,
973 3449 1024 3501 137
1048 3450 1080 3506 D,

151 3554 203 3603 139
219 3556 257 3619 A,
274 3555 324 3607 178
340 3554 374 3618 E,
393 3552 447 3601 3³7
467 3551 497 3602 C.
511 3553 555 3616 Ε.)
571 3551 614 3600 ilbi
630 3548 653 3599 οἷ
669 3549 774 3615 ἐξωτέρω
788 3544 955 3597 Malabariae
977 3541 1083 3592 incolae

152 3648 231 3708 eont3
253 3647 301 3694 sed
317 3646 383 3694 haee
400 3656 434 3692 ex
445 3641 561 3692 cosmae
578 3638 745 3704 geographia
764 3638 827 3684 suot
854 3633 1026 3704 explicanda,
1052 3637 1085 3686 de

151 3753 204 3803 qua
224 3740 360 3801 disputare
376 3739 418 3787 hie
438 3737 548 3799 longum
569 3736 618 3784 est.

108 3831 135 3896 t)
151 3833 212 3881 Arr.
229 3831 279 3894 v1‚
303 3831 347 3879 16.
382 3827 411 3892 6)
429 3828 495 3877 Plio.
513 3823 699 3878 V1.21.ooll.
721 3824 834 3873 nasson.
857 3823 968 3884 Pentap.
994 3836 1020 3883 p.
1041 3821 1085 3870 82.
