2474 4500
494 299 705 370 ..13-

116 490 310 572 quiunquam
331 493 374 555 ad
392 495 518 559 Arabes
537 501 628 562 missi
648 510 741 583 sunt,
768 493 949 558 sinensium
978 484 1094 565 legatis

114 604 212 675 pactus
231 597 312 662 esti.
353 601 465 666 Paullo
493 614 568 668 auto
596 627 679 672 anno
700 606 774 670 Chr.
796 599 859 665 713
886 601 1014 659 nonant
1035 591 1096 655 Si-

113 722 213 766 nenses
231 726 344 788 regem
364 709 608 792 Kapmirensem
640 714 741 774 Tatio
767 711 821 770 tbo
842 708 873 768 to
889 711 928 783 pi
947 703 972 762 b·
997 699 1092 780 lega-

112 816 154 871 tos
171 811 310 896 misisse,
331 824 366 876 ut
386 833 458 878 cum
473 819 661 900 imperatore
689 817 847 880 adversus
876 811 1002 874 Arabes
1018 807 1093 869 foe·

114 917 160 979 dus
179 920 309 1001 icerent,
324 930 356 983 et
368 933 486 987 octavo
507 934 581 1005 post
601 924 683 987 haec
704 943 785 986 anno
807 939 881 982 eum
902 920 933 980 in
945 914 1094 978 ditionem

114 1033 267 1106 receptum·
282 1046 370 1108 esse,
392 1047 474 1108 quae
495 1047 561 1109 res,
585 1029 645 1090 etsi
667 1028 707 1088 ab
728 1026 815 1087 Indis
835 1044 876 1085 ne
896 1020 995 1083 verbo
1021 1016 1096 1100 qui-

113 1130 171 1196 dem
186 1143 349 1219 tangatur,
371 1156 392 1198 a
412 1138 631 1218 probabilitate
652 1158 715 1199 non
737 1125 913 1198 abborret⁶.

152 1245 261 1343 'Utnt
278 1242 360 1307 haec
380 1248 412 1308 in
432 1248 565 1332 singulis
585 1248 710 1328 fuerint,
733 1249 859 1306 constat
879 1237 951 1301 inde
971 1236 1012 1299 ab
1032 1232 1095 1295 hac
1134 1230 1141 1239 '

113 1349 199 1428 prima
222 1353 424 1433 expeditione
445 1356 588 1419 Sindiam
615 1375 635 1417 a
663 1354 824 1431 Muslirnis
852 1369 915 1411 non
940 1346 1094 1426 relictam,

112 1455 158 1518 sed
176 1459 208 1519 in
228 1461 413 1541 provinciae
435 1463 568 1525 formam
599 1463 762 1525 redactam
790 1478 875 1523 esse.
916 1455 1006 1516 Num
1032 1453 1095 1514 iam

112 1563 305 1632 blnbammetl
326 1570 389 1633 ben
410 1572 543 1654 alqasim
565 1580 665 1634 totam
685 1572 849 1654 regionem
878 1564 1095 1645 occupaverit,

112 1670 267 1755 bucusque
289 1677 374 1739 ellici
394 1679 517 1759 ne'qnit3
540 1679 675 1740 certiora
698 1696 740 1737 ex
757 1673 904 1736 Thabarii
927 1679 1012 1733 tomo
1035 1668 1093 1729 de-

113 1778 181 1843 cimo
201 1782 269 1861 peti
288 1792 458 1868 poterunt,
477 1804 531 1847 res
552 1805 609 1867 per
629 1803 731 1847 annos
745 1783 869 1845 71-99
881 1789 996 1862 gestas
1014 1796 1095 1839 con-

126 2015 150 2071 2]
164 2016 226 2065 ibid.
243 2031 269 2079 p.
287 2016 332 2068 94.

126 2130 241 2197 dlaqno
260 2135 339 2184 etlam
357 2136 498 2185 Persarum
515 2147 597 2198 reges
614 2146 692 2195 opem
708 2130 851 2194 petierunt,
866 2126 927 2176 ibid.
952 2096 1096 2179 tentet.

167 2224 230 2274 106.
264 2250 301 2262 -
332 2225 363 2282 4)
382 2225 471 2275 Abulf.
488 2226 510 2274 1.
526 2225 590 2277 248.
611 2219 748 2274 Remusat.
766 2235 791 2283 p.
811 2219 874 2270 102.
890 2272 895 2281 ,

125 2341 148 2405 t)
163 2343 211 2392 ibn
227 2340 324 2390 Katbir
340 2344 410 2400 apud
431 2343 558 2390 Hammer
583 2337 772 2390 Gentildesaal
794 2338 828 2384 Π.
853 2334 915 2382 tae.
939 2331 1002 2381 124.
1034 2331 1097 2381 Non

166 2435 264 2498 obstat,
288 2435 358 2495 qnod
376 2447 391 2483 e
409 2433 590 2483 Kbondamiro
606 2429 777 2479 {derbelotius
794 2440 817 2477 s.
834 2439 864 2474 v.
882 2424 983 2475 Catbalr
1000 2422 1097 2485 refert,

166 2538 224 2574 enm
243 2525 295 2574 iam
312 2538 384 2576 anno
401 2528 437 2575 93
455 2529 567 2575 mortem
586 2523 693 2586 obiisse,
718 2533 780 2570 nam
796 2520 866 2568 teste
888 2517 936 2566 ibn
953 2508 1098 2564 uualltkdn

164 2625 190 2664 n.
208 2615 273 2663 dod.
291 2616 361 2676 [lyd.
378 2615 404 2664 id
421 2628 492 2664 nnno
511 2616 547 2662 06
570 2614 616 2662 vel
634 2613 671 2660 07
691 2613 795 2661 tactum
819 2613 875 2672 est3
894 2608 1045 2667 sepulcrum
1055 2605 1098 2654 in-

166 2705 240 2753 venit
263 2703 290 2752 in
312 2704 370 2766 ipsa
387 2699 522 2766 Fcrgdna.
546 2703 680 2752 Eicbborn
696 2704 816 2771 ¹bionum.
834 2699 917 2747 Arab.
935 2711 959 2756 p.
978 2697 1041 2746 102.

127 2819 152 2882 d)
169 2812 305 2868 libanumt.
322 2832 347 2878 p,
367 2816 519 2868 104-105.
552 2817 593 2867 Eo
610 2818 669 2864 iere
687 2818 807 2877 tempore
823 2812 945 2862 nimirum
963 2822 1046 2871 usque
1063 2809 1098 2857 ad

167 2923 264 2959 annunt
282 2910 338 2959 714
355 2923 390 2959 ex
407 2910 539 2960 Wilsonis
556 2907 762 2958 ratiocinatione
780 2905 802 2953 is
818 2904 944 2966 regnavit
965 2890 1098 2952 C'andra-

67 2996 69 3005 '
166 2988 238 3060 pid'a
254 3002 402 3049 secundum
424 3000 578 3049 historicum
601 2999 753 3060 indigenam
781 2996 940 3046 nominatus.
965 2993 1007 3061 ΙΕἰ
1034 3003 1099 3041 snc-

166 3090 282 3141 cessisse
311 3093 438 3141 Sinenses
468 3091 605 3154 perhibent
631 3092 743 3139 tratrem
770 3090 887 3138 Mento
910 3085 951 3148 pi3
984 3085 1098 3134 annales

165 3186 261 3232 contra
278 3183 466 3249 Kaprnlrenses
483 3183 593 3241 primum
616 3168 785 3243 Tarbpid'am
807 3180 856 3231 lv.
878 3177 941 3227 120.
958 3190 1026 3240 sqq.,
1050 3177 1099 3224 de·

67 3318 69 3325 .
166 3273 226 3323 inde
243 3270 467 3338 Lalitytidityanr,
486 3275 543 3322 eins
562 3273 664 3334 quidem
682 3273 792 3337 tratres,
810 3272 858 3318 sed
875 3281 987 3331 quorum
1002 3268 1099 3315 neuter

165 3363 211 3414 illo
229 3365 337 3414 nomine
354 3364 519 3427 significatus
538 3376 599 3412 esse
616 3364 713 3426 potest.
747 3363 771 3411 A
789 3359 864 3410 nobis
887 3359 991 3420 quidem
1013 3357 1098 3405 adhuc

76 3516 81 3531 x
168 3468 200 3505 ea
217 3456 348 3507 dissensio
366 3438 488 3518 componi
505 3455 607 3519 nequit,
624 3456 743 3503 sednon
760 3452 818 3501 sine
832 3448 1099 3499 anctoritateslnen·

167 3561 210 3598 ses
227 3562 278 3598 sua
294 3551 414 3613 tradere,
432 3545 494 3597 inde
517 3547 685 3610 intelligitur,
708 3547 778 3607 quod
802 3555 902 3593 revera
923 3531 993 3602 a'pud
1016 3541 1098 3588 Indos

169 3638 237 3689 inter
253 3640 413 3700 superstites
431 3635 628 3698 c'anorapio'ae
646 3639 744 3686 tratres
761 3625 1096 3695 recenseturlliulrtllpid'a,

169 3736 238 3795 quod
255 3746 367 3793 prorsus
384 3729 453 3782 idern
476 3745 574 3782 nomen
598 3734 679 3794 atque
699 3731 766 3778 Mou
788 3731 817 3776 to
839 3726 866 3788 pi
889 3736 950 3774 esse
973 3728 1095 3784 apparet,

170 3829 201 3877 R.
218 3829 281 3878 Tar.
298 3828 347 3877 tv.
364 3825 410 3877 42.
