2474 4500
511 340 811 383 m·Vll-··'

113 501 166 561 leo
198 518 253 562 me
288 516 387 581 quum
420 499 551 564 (lotbae
586 519 693 565 essem
729 507 761 566 in
794 524 884 566 usum
914 525 1020 568 meum
1055 525 1118 567 non

112 607 256 669 vertisse
289 608 464 691 lpthalrhrii
491 610 619 690 librom3
669 610 728 672 sed
756 621 833 673 tunc
862 611 903 673 de
934 610 1117 691 Hauqalide

113 712 238 776 mendo
258 713 398 777 nondum
421 717 582 798 cogitavi3
624 727 790 796 praeterea
812 717 917 780 codex
947 715 1118 781 Gothenus

113 822 303 901 plerumque
324 825 449 903 punctis
471 823 643 884 destitutus
665 834 725 886 est.

196 928 381 990 Abulladae
421 929 530 991 tabula
569 927 679 989 Indiae
715 931 829 992 iterum
864 952 907 994 ex
936 931 1121 1013 apographo

113 1035 320 1097 Vollersieno
340 1034 488 1098 codicum
515 1037 744 1102 Parisiensium
773 1038 836 1102 578
856 1039 934 1122 (Α),
963 1038 1026 1103 579
1054 1038 1122 1119 (Β)

113 1153 146 1206 et
164 1144 229 1208 587
249 1143 313 1224 (C)
335 1143 420 1207 edita
441 1153 500 1217 est.
544 1146 669 1225 Ubique
690 1147 808 1208 contuli
837 1147 962 1210 Reiskii
990 1149 1121 1211 versio·

113 1273 200 1336 nem,
220 1263 256 1316 ut
279 1254 352 1316 inde
374 1255 495 1318 codicis
517 1255 653 1319 Leidani
679 1255 744 1335 (L)
768 1257 924 1318 lectiones
965 1276 1119 1319 eruerem.

111 1361 281 1424 Reislsium
302 1368 410 1423 tamen
431 1360 515 1424 omni
548 1360 611 1423 fido
637 1361 723 1423 haud
753 1361 883 1445 dignum
914 1371 1046 1436 esscet
1065 1363 1120 1424 in·

113 1467 239 1531 terdum
260 1468 336 1550 quid
356 1487 472 1531 revera
485 1469 517 1529 in
531 1467 642 1530 codice
657 1477 812 1557 exstaret·
823 1489 887 1533 non
909 1471 1116 1554 observasse,

113 1571 272 1636 interdum
300 1574 449 1635 nonnulla
478 1574 646 1655 omissise,
679 1582 792 1637 auctor
821 1585 872 1638 est
902 1575 1058 1639 Rinclrius
1087 1576 1121 1641 in

112 1679 311 1759 praefatione
330 1679 430 1741 librit·
445 1680 553 1742 Abulf.
582 1681 666 1743 tabb.
694 1683 851 1763 quaedam
879 1703 921 1744 ex
948 1684 1019 1746 cod.
1046 1684 1119 1751 bibl.

113 1785 205 1848 held.
225 1785 340 1849 editae.
360 1787 437 1868 Lps.
467 1788 546 1850 1791

195 1917 307 1978 Locos
329 1936 347 1977 e
371 1917 520 1995 Qazvinii
540 1919 645 1980 lexico
666 1919 885 2000 geographico
911 1918 1040 1981 Gotbee
1057 1920 1118 1982 de-

114 2025 228 2105 scripsi
250 2043 269 2085 e
294 2023 363 2085 cod.
392 2022 472 2102 2³43
509 2025 604 2087 simul
632 2025 665 2084 in
694 2042 788 2086 usum
817 2024 942 2085 adhibui
971 2024 1117 2088 ciusdem

115 2134 280 2214 scriptoris
307 2132 474 2233 bistoriam
503 2136 679 2196 naturalem
702 2135 865 2223 wlisssslll
879 2134 1017 2220 solen
1042 2135 1115 2198 cod.

115 2280 141 2321 n.
162 2257 236 2322 231.
259 2259 300 2320 ci.
323 2260 437 2321 Miller
460 2258 562 2321 Catal.
584 2278 614 2338 p.
636 2257 688 2339 5⁰7,
710 2260 742 2321 in
765 2278 829 2339 qua
850 2260 937 2321 multi
965 2259 1053 2321 illius
1075 2261 1117 2320 li-

116 2367 157 2426 bri
177 2366 242 2426 loci
266 2364 378 2426 iisdem
408 2366 476 2427 fere
502 2363 612 2425 verbis
639 2363 791 2445 descripti
818 2373 964 2445 exstant3
1010 2384 1052 2426 ex
1079 2384 1120 2429 ea

116 2464 299 2534 etiamalios
318 2474 408 2533 locos
422 2472 543 2552 possim
557 2471 681 2551 protuli.
699 2472 972 2534 Liberalissimum
985 2478 1122 2552 utroque
1216 2488 1218 2493 ·

117 2582 196 2643 libro
219 2580 330 2642 utendi
353 2581 489 2662 copiam,
512 2599 594 2660 quae
610 2581 681 2642 eius
695 2582 756 2642 viri
769 2591 819 2643 est
835 2582 1028 2661 humanitas,
1045 2579 1121 2645 mihi
1214 2646 1216 2649 .

114 2687 189 2748 lecit
211 2686 418 2749 Clarissimus
439 2689 650 2750 Mordiacus
661 2730 672 2768 ,
711 2689 762 2748 cui
788 2708 845 2768 pro
873 2690 929 2751 tali
959 2688 1115 2749 beneficio

115 2795 237 2874 gratias
259 2812 323 2874 ago
345 2813 438 2874 quam
468 2795 635 2855 maximas.
680 2793 795 2857 Solum
821 2793 927 2855 locum
953 2795 1046 2854 Hind
1076 2813 1118 2856 ox

115 2901 225 2963 codice
249 2900 320 2962 bibl.
351 2900 398 2961 St.
428 2899 579 2964 German.
609 2901 649 2962 de
676 2901 783 2962 Pratis
811 2898 874 2961 397
902 2899 1119 2981 descripserat

115 3009 306 3072 Vullersius.
359 3008 511 3071 Continet
537 3011 566 3070 is
593 3011 706 3071 librum
727 3007 853 3106 &mill
879 3011 968 3090 etos
999 3009 1117 3071 inscri-

115 3145 212 3219 ptum,
238 3136 278 3197 de
299 3137 391 3196 cuius
413 3153 484 3195 cum
506 3133 584 3194 libro
605 3133 692 3215 ebbll
717 3136 770 3226 ,tal
793 3133 985 3212 cognatione
1013 3131 1117 3192 certi-

116 3277 168 3320 ora
192 3258 355 3320 desiderat
377 3257 506 3340 Sacyus
529 3255 604 3319 Chr.
628 3275 672 3316 ar.
695 3257 751 3337 ΠΙ,
774 3254 847 3334 447,
870 3253 995 3334 quade
1018 3271 1118 3315 causo

116 3370 270 3432 lectiones
297 3370 462 3431 variantes
489 3386 599 3429 omnes
630 3359 768 3426 enotavi,
812 3361 890 3423 Inde
919 3361 1116 3443 intelligitur,
1172 3370 1178 3380 “

117 3483 266 3556 quantum
289 3493 331 3534 cx
353 3492 415 3534 uno
444 3472 516 3532 loco
544 3470 613 3530 lieri
642 3477 767 3550 potest,
812 3465 955 3528 codicem
982 3482 1116 3544 prorsus

116 3581 196 3644 idem
220 3600 303 3663 opus
325 3583 497 3662 continere,
521 3576 579 3638 sed
601 3576 708 3637 multis
730 3572 853 3634 mendis
877 3582 908 3634 ot
923 3572 1044 3633 lacunis
1065 3571 1118 3634 in-

117 3690 294 3770 quinatum3
316 3684 467 3767 imprimis
488 3701 615 3762 versus,
639 3681 693 3761 qui
714 3700 743 3759 p.
765 3676 807 3738 75
828 3685 968 3761 exstant⁷
999 3679 1117 3739 misere

117 3794 243 3858 lacerati
272 3802 355 3854 sunt.
398 3793 571 3854 Praeterea
602 3786 756 3849 interdurn
785 3787 816 3844 in
852 3786 1115 3848 usumtcriticum
