2474 4500
530 280 758 341 *165*

143 450 267 544 Kanog'
290 464 321 523 in
350 462 499 546 desertis,
527 480 612 543 quae
632 472 707 523 sunt
730 460 858 522 Kalitba
887 468 920 521 et
947 455 1138 542 Audgosbt⁷

141 569 173 630 ia
191 567 348 631 cacabus
370 567 610 650 remotissimis,
632 567 673 628 ad
684 584 766 649 quos
787 566 915 628 nonnisi
935 584 977 627 ex
999 565 1141 647 ipsorum

92 680 95 689 '
141 683 239 759 gente
258 683 455 737 mercatores
477 676 664 757 perveniunt
684 683 814 756 propter
835 693 943 737 eorum
958 674 1141 737 distantiam

140 784 304 865 multoque
317 785 461 864 pericula
482 803 521 846 co
532 784 807 866 peregrinantibus
815 781 1152 845 subeunda.AKam-·

141 890 229 973 biya
262 909 362 972 usquc
397 892 438 954 ad
466 891 597 983 Qaimur
630 910 669 953 se
697 891 841 953 extendit
868 889 943 952 ditio
970 888 1142 970 Balbum,

141 998 194 1062 oui
229 997 406 1060 fabularum
453 999 532 1061 liber
572 999 712 1078 scriptus
749 993 833 1060 cst.8
880 999 1009 1060 Nomen
1049 994 1145 1057 babet

140 1125 302 1188 arogno,
330 1107 444 1170 ecdem
471 1106 566 1169 modo
588 1125 650 1187 quo
672 1104 791 1169 Ghtina
812 1113 845 1168 et
866 1103 1008 1186 Kaugha
1028 1111 1062 1165 et
1082 1104 1145 1165 alic

129 1213 285 1297 regionis
307 1214 403 1276 simul
424 1222 457 1275 ct
477 1213 565 1296 regis
593 1214 719 1277 nomina
739 1222 823 1275 sunt.
865 1212 1018 1274 lnfidclcs
1038 1211 1145 1292 potis-

140 1320 257 1393 misum
278 1320 375 1382 babet
396 1320 562 1404 subditos,
589 1329 662 1383 sunt
683 1329 792 1383 tamen
813 1320 854 1381 ibi
872 1320 969 1381 etiam
989 1317 1144 1396 bluslimi,

142 1426 196 1508 qui
217 1444 323 1507 usque
344 1426 386 1488 ad
407 1427 577 1490 Balbaram
608 1427 670 1489 hoc
695 1436 804 1489 nostro
834 1433 979 1506 tempore
1003 1442 1145 1506 regnaa-

142 1541 208 1594 tem
237 1532 362 1595 nonnisi
394 1535 601 1595 muslimicum
635 1534 833 1614 praelectum
864 1533 1024 1610 habuere,
1053 1548 1163 1612 quemn

141 1657 241 1718 super
262 1658 320 1701 eos
343 1640 518 1702 constituit.
562 1640 706 1704 Similem
733 1660 854 1703 morem
881 1638 989 1701 inveni
1011 1638 1042 1700 in
1062 1638 1147 1727 mul·

141 1746 185 1809 tis
200 1755 284 1808 terra
286 1765 357 1811 rum
374 1749 529 1811 tractibus
551 1747 592 1810 ab
611 1747 788 1810 infidelibus
807 1746 991 1826 occupatis,
1012 1752 1048 1805 ut
1064 1712 1147 1823 apnd

143 1849 333 1935 Kimaros,
349 1854 505 1939 Alanos,
536 1852 686 1936 Sardos,
720 1853 752 1916 in
786 1850 905 1915 Ghans
934 1861 966 1914 et
993 1850 1145 1932 Kaugha,

141 1962 224 2023 inter
256 1979 337 2042 quos
369 1979 480 2023 omnes
511 1961 686 2024 Muslimi
678 1960 754 2023 ruris
786 1958 916 2021 dicundi
949 1962 1144 2040 potestatem

142 2068 277 2146 habent3
307 2069 401 2130 etiam
428 2087 532 2149 poena
561 2069 593 2130 in
623 2085 681 2129 ecs
709 2065 964 2130 animadvertere
993 2073 1026 2126 ct
1051 2064 1145 2125 testi-

143 2177 283 2238 monium
306 2176 464 2238 adversus
487 2193 544 2236 eos
567 2174 664 2236 odere
685 2173 829 2235 llluslimi
851 2179 973 2234 tantum
993 2178 1144 2252 possunt,

1152 1929 1194 1992 28

145 2281 274 2344 etiamsi
302 2301 403 2362 parvo
432 2290 554 2344 tantum
591 2300 722 2342 numero
751 2280 866 2343 adsint.
914 2277 990 2340 Vidi
1017 2279 1087 2359 ipse
1116 2278 1146 2339 in
1192 2331 1195 2338 ,

144 2391 255 2471 aliqua
273 2390 382 2451 harum
406 2399 557 2451 terrarum
578 2389 781 2469 llluslimum,
812 2388 867 2469 qui
887 2385 991 2447 virum
1013 2385 1146 2466 integri-

145 2504 212 2558 tate
233 2497 392 2579 insignem
414 2517 471 2577 pro
494 2504 579 2558 teste
608 2495 749 2558 adhibuit
772 2497 833 2556 etsi
855 2493 1041 2576 religionem
1063 2491 1148 2553 lsla-

215 2822 286 2883 quod
312 2821 435 2883 oppidum
462 2823 533 2872 head
560 2822 656 2883 procul
680 2833 698 2870 a
720 2819 797 2868 Debli
823 2820 902 2868 atum
926 2828 941 2864 e
973 2812 1064 2863 nescio
1094 2825 1146 2873 quo

214 2913 347 2973 scriptore
364 2913 473 2962 Persico
491 2913 609 2963 enotavi.

163 3027 195 3083 7)
221 3026 306 3075 Urbes
337 3029 408 3087 rtpud
435 3025 535 3090 Gecgr.
564 3026 595 3073 N.
628 3038 651 3086 p.
676 3027 721 3074 68.
747 3022 790 3070 70.
815 3021 861 3076 76,
887 3017 961 3069 varic
993 3016 1146 3066 scribuntur

221 3114 386 3203 Ungi-⁶³,
412 3116 553 3202 ψ’
581 3115 739 3202 ’ἐν-Μ)
765 3111 942 3198 &3³32ss
967 3109 1145 3206 W}

212 3242 353 3290 Postremo
370 3241 433 3290 lccc
450 3241 516 3292 situs
534 3252 628 3291 eorum
645 3237 684 3290 ita
701 3236 834 3299 definitur,
853 3239 882 3284 ut
897 3232 952 3283 sint
959 3227 1149 3282 Kandabbram

162 3368 165 3373 .
214 3329 285 3379 inter
302 3335 330 3380 et
348 3325 515 3393 Multdnam3
542 3332 591 3379 sed
614 3327 819 3390 descriptionem
840 3324 887 3374 vix
908 3335 969 3373 cum
991 3324 1086 3386 nostra
1102 3332 1151 3369 ea-

212 3432 272 3469 rum
288 3421 431 3482 regionum
448 3417 771 3484 cognltloneconciliobis.

166 3511 198 3569 Β)
216 3508 282 3561 Sine
299 3507 377 3560 dublo
399 3509 468 3560 liber
491 3506 598 3559 Kalilae
622 3512 650 3558 et
669 3507 781 3557 Dimnae
809 3504 850 3554 liic
876 3499 1068 3565 intelligendas
1093 3501 1150 3554 est;

216 3602 264 3648 sed
284 3613 363 3662 quum
385 3598 411 3649 ln
436 3613 470 3650 cc
499 3599 631 3650 Balharae
652 3594 751 3646 mentio
778 3603 908 3655 nusquam
929 3576 988 3654 dai,
1009 3588 1078 3641 bane
1100 3600 1151 3637 eu-

216 3690 298 3738 etoris
316 3692 419 3739 tantum
443 3701 505 3739 esse
524 3687 707 3738 coniecturam
725 3681 863 3745 probabile
880 3683 933 3744 est,
949 3677 1067 3752 pulsatis
1083 3689 1150 3739 rege

118 3804 120 3808 ν
214 3780 249 3828 ibi
266 3776 593 3831 commemoratononnlsi
611 3776 754 3826 Balbai-am
771 3769 915 3836 sigoldeart
931 3769 1058 3831 potuisse.
