2474 4500
23 368 25 375 Ι
82 396 87 403 “
168 390 300 455 tieriono
319 388 352 453 id
373 365 488 452 nomen
509 386 579 471 rogi
594 376 778 466 tn'buitur3'
800 381 945 446 deinde'
933 406 966 447 m
980 370 1168 449 oliosb'bm

168 501 357 562 translatum
371 506 434 579 est,
448 497 562 577 quibus
572 495 612 556 ab
625 493 832 575 originenihil
844 504 916 555 e'um
930 492 985 556 iiio
1000 488 1164 601 dommum

169 616 250 689 erat,
271 607 338 667 ut
329 627 361 667 ιιι
383 607 494 666 itinera
518 600 705 682 Sindabadi,
728 600 858 683 librum,
880 608 917 661 ut
944 619 1057 662 omnes
1086 616 1161 667 οω-

168 716 320 798 sentiunt,
342 715 466 775 minime
488 710 617 792 originis
637 709 767 770 Indicae
794 718 826 770 et
852 729 872 770 a
898 706 1057 771 (insidendo
1085 668 1162 771 indie

169 822 201 885 in
222 820 264 901 mj
286 821 426 883 noctium
444 819 624 880 versionem
649 816 812 878 insertum.
852 814 1007 878 Fortasse
1028 814 1059 877 id
1076 798 1163 883 bono

170 926 272 990 solem
292 925 333 987 ob
354 942 504 987 caussam
526 923 646 984 fuctum
668 927 730 1002 est,
751 928 786 982 ut
806 921 868 982 hoo
887 920 1016 982 nomine
1034 918 1078 983 ud
1092 918 1164 983 Sin-
1198 908 1204 919 ’

171 1035 255 1097 diam
271 1042 390 1095 terram
410 1029 614 1093 alluderetur.

254 1140 382 1220 Quanto
419 1138 535 1218 plausu
562 1135 689 1197 Arabes
716 1135 787 1199 illes
817 1134 997 1198 Indicorum
1022 1136 1164 1199 librorum

170 1268 213 1311 ex
232 1248 339 1329 lingue
367 1243 538 1326 pahlavica
565 1241 733 1303 versiones
764 1244 964 1323 exceperint,
1000 1240 1166 1305 edocemur

170 1355 242 1417 1000
263 1354 344 1415 saus
365 1350 557 1414 memorandi
578 1343 752 1430 orestus,
775 1348 829 1409 uui
851 1335 1003 1431 utnon,
1026 1346 1168 1415 ernnu-

171 1482 244 1526 mus
265 1462 347 1523 inter
367 1460 494 1522 Arabes
516 1459 672 1541 scriptor,
702 1456 881 1521 affinnesse
911 1457 1043 1541 dicitur,
1073 1438 1167 1539 dbem

172 1588 192 1630 a
212 1588 250 1630 se
271 1569 391 1647 scripto
412 1576 444 1628 et
464 1568 568 1629 bonae
596 1567 699 1650 ibugis
729 1566 822 1647 piene
844 1566 872 1627 si
893 1584 952 1627 suo
974 1564 1105 1629 nomine
1120 1566 1169 1629 iu'·

172 1675 292 1757 seripte
313 1681 433 1757 essent,
455 1673 539 1735 houd
560 1676 639 1736 satis
661 1682 737 1736 nota
757 1674 837 1756 fieri,
859 1682 892 1734 et
913 1674 941 1734 si
964 1673 1088 1755 librum,
1110 1658 1170 1751 etsi

171 1783 269 1844 mutto
290 1782 480 1863 inferiorem,
504 1783 613 1846 ederet
632 1783 694 1845 sub
714 1770 1175 1844 nominoAbdsiibebeuHu·,

173 1886 260 1969 quiin
280 1889 334 1948 vei
356 1887 476 1950 Subebi
495 1890 557 1951 beu
578 1891 689 1951 Harun
712 1888 783 1969 (qui
800 1890 910 1951 librum
937 1886 1044 1951 Kaiila
1070 1886 1171 1979 iuter·

172 1996 289 2074 pretuti
308 1995 430 2078 erunt),
451 2004 526 2058 tuno
539 2016 699 2080 quemque
720 2018 793 2062 eum
814 1976 874 2061 sibi
892 2016 1080 2078 comparere
1098 1970 1174 2059 st‘u-

172 2128 425 2143 -—--——

192 2218 220 2284 1)
238 2216 379 2283 Quodnam
396 2232 494 2269 nomen
510 2219 630 2269 Indicum
647 2222 751 2269 referat
767 2221 927 2273 vocabulum
950 2204 1174 2287 &bobinum

239 2328 370 2384 Συντίιιας
386 2341 442 2377 non
457 2328 540 2390 liquet
546 2343 555 2391 ς
572 2328 652 2380 focile
670 2329 776 2391 quidem
793 2330 859 2380 talin
876 2344 911 2380 ex
927 2331 1087 2382 coniectura
1106 2344 1176 2393 pro-

241 2435 305 2497 poni
325 2439 454 2496 possunt,
473 2441 501 2486 ut
517 2444 651 2518 ῦτςζωπ,
676 2440 726 2487 sed
755 2437 908 2487 confirmari
935 2432 1092 2503 nequeunt,
1123 2436 1177 2487 nisi

243 2543 349 2603 quando
366 2542 435 2591 liber
456 2543 562 2591 indicus
589 2544 645 2604 ipse
668 2544 830 2593 invenietur.
865 2545 976 2608 Falsus,
999 2548 1028 2595 ut
1043 2546 1096 2595 vix
1116 2558 1180 2595 mo-

241 2637 367 2684 meudum
382 2636 500 2700 videtur,
517 2640 559 2685 est
576 2638 761 2701 buamundus,
779 2638 821 2698 qui
838 2649 938 2687 nomen
955 2651 991 2687 ex
1007 2638 1180 2707 flitopndoen

241 2728 399 2785 corruptum
416 2724 668 2774 votuit.ef.1deler
691 2728 755 2775 Bed.
779 2728 827 2774 der
850 2728 1039 2777 Sternnameu.
1051 2710 1089 2789 'i’-
1112 2728 1181 2779 ube.

241 2816 337 2877 Neque
354 2816 489 2865 assentior
506 2819 598 2878 Suoyo
622 2816 699 2879 (Not.
722 2822 749 2867 et
770 2818 850 2867 Extr.
873 2820 922 2881 lx,
937 2810 1180 2875 obstaremus

240 2904 766 2998 obwmoorruptumesseexffibrbffi.
801 2922 877 2989 Quod
904 2926 956 2975 etsi
979 2928 1093 2990 propter
1113 2928 1182 2979 ltro-

243 3042 333 3079 rurum
356 3031 552 3082 similitudinem
581 3034 639 3083 fieri
668 3037 785 3102 poterat,
812 3037 941 3083 constans
963 3037 1055 3083 tumen
1080 3034 1185 3084 diversi

244 3122 356 3173 nominis
374 3123 399 3170 in
417 3124 524 3172 diverso
542 3124 609 3172 libro
628 3137 709 3186 usus,
738 3125 807 3187 quud
832 3124 969 3172 rarissime
991 3128 1097 3173 tuntum
1113 3132 1183 3171 mo-

246 3216 347 3264 moriae
367 3215 470 3277 potius,
496 3229 575 3277 quom
598 3215 694 3263 columi
717 3216 795 3277 lapsu
816 3228 834 3263 a
855 3214 969 3263 librariis
996 3216 1184 3275 permutntum

244 3311 298 3373 est,
316 3308 394 3356 etiam
412 3309 445 3355 ab
464 3306 570 3369 origine
587 3308 695 3356 nomina
718 3309 801 3356 tuisse
826 3308 935 3357 diversa
956 3308 1056 3369 arguit
1091 3305 1183 3371 Quum

245 3411 343 3448 nomen
372 3401 406 3447 ab
429 3397 568 3449 itineribus
591 3393 735 3446 Sindabddi
757 3399 790 3446 ab
814 3398 918 3460 origine
939 3398 1058 3447 alionum
1088 3400 1184 3463 fuerit,

246 3488 419 3549 improbanda
435 3489 516 3537 etiam
533 3490 574 3536 est
592 3487 713 3549 vulgaris
731 3499 766 3535 ex
788 3486 881 3549 lingue
902 3486 1013 3536 Persico
1035 3488 1184 3550 explicatio

248 3578 295 3634 (cf.
312 3577 433 3640 Laugles
453 3578 525 3637 b'oy.
543 3578 576 3624 de
594 3577 685 3625 Sindb.
702 3590 728 3637 p.
747 3577 807 3628 137.
825 3580 903 3627 taceo
920 3578 990 3627 eninr
1007 3578 1098 3629 soottt
1119 3578 1183 3629 inn-

246 3678 295 3718 ues
312 3665 492 3732 coniecturas)
511 3667 632 3719 studius
648 3668 782 3718 dominus
797 3668 844 3719 uel
866 3669 977 3736 custus,
1000 3682 1071 3731 quse
1092 3670 1184 3735 signi-
