2474 4500
594 284 799 351 ..30..

185 488 270 555 raro,
278 473 462 535 accuratius
469 472 641 555 perquisito
648 471 775 535 decerni
782 473 906 555 poterit.
924 476 959 537 in
970 474 1185 556 regionalib-

184 581 307 644 bniensi
318 581 412 642 ctiam
424 600 481 661 per
494 580 621 662 longius
637 582 789 661 temporis
802 583 941 664 spatium
956 583 1026 645 Indi
1041 584 1092 646 sui
1103 583 1185 647 iuris

184 704 344 769 mansere,
360 696 394 749 et
405 704 506 768 saepe
519 706 559 748 co
574 687 792 769 expeditiones
804 692 993 753 aMusiimis
1004 700 1183 774 susceptae

183 802 271 877 sunt,
287 802 323 856 ut
343 813 425 856 anno
449 794 508 857 152
528 796 608 875 (inc.
632 795 679 860 13.
700 797 767 859 Ian.
789 796 868 877 too)
890 798 1026 861 Humaid
1046 796 1180 861 libori-

183 903 283 965 stnae
297 903 479 985 praefectus
493 903 578 965 felici
591 920 771 979 successu,
786 923 844 966 eos
858 906 1021 968 invasisse
1039 904 1154 968 dicitm
1160 904 1182 965 ¹.

182 1009 463 1071 Brahmanicorum
485 1025 648 1069 sacrorum
674 1010 819 1071 asseclas
840 1010 881 1071 ibi
904 1008 1044 1094 degisse,
1070 1008 1182 1093 coiiigi

182 1102 1180 1204 potestexeo,'quodAmrbenhaithssuffdridaindesimulacrum

181 1224 284 1304 rapuit
299 1232 430 1305 quatuor
442 1222 587 1285 manibus
603 1220 790 1303 praeditum,
814 1221 897 1302 quod
907 1220 1181 1285 khaiisae.misit².

205 1352 210 1359 ·
263 1332 295 1395 A
315 1340 406 1412 parta
434 1329 578 1392 orientali
603 1326 730 1390 Arabes
753 1308 853 1409 ipsius
873 1328 983 1390 Indiae
1003 1346 1106 1411 regua
1125 1338 1181 1393 ab·

180 1439 362 1523 tingebant,
397 1439 583 1521 quibuscum
618 1437 676 1499 vix
709 1436 938 1498 consuetudine
970 1436 1121 1519 hospitali
1146 1442 1181 1499 et

179 1556 296 1629 pacata
313 1549 357 1609 nti
378 1554 532 1628 poterant.
575 1544 713 1627 Saepius
724 1544 807 1607 belia
823 1545 904 1606 inter
917 1554 1069 1627 utrosque
1083 1553 1181 1629 gesta

179 1657 281 1719 fnisse
300 1654 439 1718 nonnulii
463 1653 683 1716 historicorum
709 1651 771 1713 ioci
801 1647 946 1715 doceret
980 1656 1017 1715 In
1042 1652 1176 1715 australi

179 1766 311 1831 Sindiae
331 1774 421 1848 parte
441 1764 566 1827 Arabes
592 1782 648 1844 per
669 1762 798 1825 deserta
818 1762 1036 1843 interjacentia
1055 1763 1098 1827 ab
1118 1766 1177 1839 ln-

178 1874 287 1939 dorum
307 1875 486 1937 incursione
506 1875 585 1936 sotis
605 1873 666 1935 tuti
689 1882 795 1957 erant,
825 1873 911 1936 unde
940 1874 1042 1935 omnis
1061 1874 1179 1939 horum

175 1990 313 2068 impetus
329 1986 360 2047 in
375 1984 618 2065 Pentapotamia
630 1982 808 2045 Multanam
822 1998 936 2045 versus
949 1980 1075 2044 dandus
1084 1990 1171 2062 erat3

176 2114 219 2157 ex
244 2094 307 2155 hac
341 2099 431 2173 parte
456 2091 596 2152 Muslimi
622 2089 883 2151 beilicosissimao
901 2089 1050 2151 Indorum
1083 2088 1175 2172 genti

176 2201 319 2265 contines
330 2208 427 2262 erant.
454 2199 662 2261 Accuratiora
681 2197 721 2260 de
732 2198 781 2260 his
798 2199 893 2261 rebus
913 2218 976 2262 uon
989 2200 1173 2287 edocemur,

175 2288 249 2373 narn
270 2310 364 2372 otiam
384 2307 437 2369 hie
457 2326 588 2389 prorsus
611 2316 686 2369 sunt
705 2308 842 2391 incerta,
883 2328 965 2391 quac
994 2328 1039 2373 ex
1062 2308 1177 2375 ludios

174 2417 342 2481 traditione
375 2416 441 2498 peti
481 2424 624 2497 possunt.
682 2417 758 2479 Huc
794 2419 951 2499 pertinent
987 2438 1049 2502 ea,
1090 2438 1175 2501 quau

175 2520 315 2592 Tadius*
345 2534 468 2588 narrat:
493 2527 637 2607 Bappam
658 2527 815 2588 Mevarao
842 2527 1014 2608 principem
1041 2544 1072 2589 ι.
1099 2526 1177 2591 Chr.

174 2634 238 2697 764
256 2634 340 2715 (fug.
364 2631 440 2711 147)
462 2631 696 2712 expeditionem
723 2632 755 2692 in
790 2632 1012 2695 Khortisdnam
1039 2634 1172 2715 redae,

173 2738 263 2803 cuius
289 2758 330 2799 ne
356 2736 483 2799 minima
509 2736 634 2818 quidem
661 2737 778 2821 mentio
805 2737 889 2819 apud
906 2738 1033 2802 Arabes
1054 2748 1173 2803 exstat.

175 2844 269 2925 Quod
290 2844 402 2907 deinde
423 2838 548 2927 tradit⁶,
581 2842 727 2923 Bappam
755 2843 852 2905 armis
882 2853 1026 2909 austrum
1053 2862 1173 2909 veretas

171 2952 302 3036 prolatis
328 2947 627 3014 Muhammedanum
652 2947 842 3029 Kambbyae
874 2966 984 3033 regem
1015 2949 1172 3015 Setinum

171 3077 344 3142 superasse
364 3059 459 3138 inquo
481 3048 548 3119 eius
570 3057 674 3118 locum
696 3065 856 3141 nepotem,
878 3060 929 3121 cui
939 3058 1050 3123 Sebini
1070 3060 1171 3125 iiiitnu

171 3186 305 3232 uxorem
326 3165 465 3250 dederit,
487 3164 669 3247 suffecisse,
691 3163 804 3226 deinde
822 3168 933 3230 relicto
953 3170 1059 3249 patric
1067 3188 1170 3253 regno

170 3277 202 3338 in
220 3274 309 3337 India
322 3272 507 3336 occidentali
522 3292 640 3336 novum
656 3292 789 3357 regnum
803 3274 983 3338 condidisse
994 3286 1027 3339 et
1039 3276 1169 3341 undem

169 3385 212 3453 ad
230 3384 380 3447 Istinium
400 3381 576 3446 defecisse:
602 3380 648 3463 id,
667 3380 729 3443 nisi
747 3381 829 3444 forte
860 3381 901 3444 ad
926 3392 1051 3467 tempus
1070 3384 1170 3471 ionga

1078 3580 1085 3621 t

234 3660 330 3709 Konde
351 3660 399 3709 des
420 3658 641 3723 Morgeniaudes.
664 3657 685 3707 1.
710 3658 776 3712 838.
804 3660 869 3710 254.
901 3658 932 3726 4)
953 3658 1046 3711 anuto
1065 3660 1168 3711 duum.

234 3752 268 3798 n.
285 3748 331 3802 as,
365 3752 396 3817 a)
415 3752 449 3801 tn.
465 3754 499 3805 11.
519 3754 581 3805 aas.

187 3840 217 3897 1)
236 3837 342 3893 Musddi
365 3856 410 3906 ap.
431 3846 472 3894 De
496 3846 626 3911 Guignes.
641 3845 661 3897 i.
674 3846 694 3896 l.
718 3859 744 3909 p.
764 3842 1167 3910 8.1anauqalp.3⁹.Qas·
