2474 4500
572 136 871 217 ..oe-..¹

169 341 409 426 superstitione,
430 339 544 424 partim
565 358 609 400 ex
628 337 821 401 Iudaeorum
834 335 953 399 fabulis
969 332 1169 420 petitia*

168 452 209 514 iis
241 450 327 533 apud
362 450 490 513 Arabes
509 488 512 493 -
529 464 594 509 non
629 443 744 508 cadem
776 462 908 507 munera
935 428 1168 511 tribuerentnni

170 554 282 623 Indica
301 558 463 621 hominum
485 564 519 618 et
540 557 680 618 locorum
699 554 828 616 nomina
849 554 880 615 in
900 553 1041 614 Arabica
1052 558 1169 613 mutata

169 674 259 745 sunt,
280 662 543 743 Vikramidityns
563 663 595 723 in
615 657 781 722 Harinum
796 658 969 739 khaiiiarn,
990 644 1170 741 Ug'g'ayini

170 773 203 835 in
223 769 450 853 Baghdaidum,
472 770 535 833 alia
555 769 664 851 aliter,
688 785 883 850 ¹quamquam
904 765 1093 845 pierumque
1118 764 1171 849 ita,¹

171 886 208 943 ut
227 862 380 940 historiae
406 876 531 939 omnino
559 881 737 957 repugnent
765 883 860 954 atquo
888 880 924 933 ut
940 872 1047 953 quivis
1065 870 1172 933 vidoro

173 984 290 1067 possit,
315 982 508 1065 rhapsodum
528 983 669 1045 Arabcm
688 981 789 1061 primo
810 999 937 1064 quoquc
957 978 1174 1041 nominativo

172 1098 249 1173 opto
283 1091 356 1154 sive
404 1091 512 1172 inepto
549 1098 735 1152 contentum
771 1088 886 1149 fuisse.
928 1087 999 1151 Sub
1034 1082 1175 1149 Harinit

230 1295 330 1393 ,appii
355 1296 475 1383 calb„
508 1320 621 1371 prorsus
638 1306 737 1371 inepte,
754 1319 835 1371 quum
856 1319 954 1355 sensns
982 1286 1086 1383 animal
1107 1306 1177 1357 iortt

241 1421 270 1467 et
291 1416 366 1465 leoni
388 1429 439 1478 par
460 1417 581 1481 flagitet,
602 1415 630 1465 in
652 1428 705 1477 qun
728 1415 909 1464 fortitudinem
932 1427 1009 1465 snam
1032 1420 1178 1479 momtrott

241 1518 298 1556 non
315 1512 407 1555 autem
423 1507 556 1556 camelum
577 1507 716 1555 inermem.
749 1508 843 1569 itaque
857 1507 1179 1569 elegantissimanantcn·

240 1595 281 1645 tin
298 1596 332 1645 ab
350 1596 441 1645 Arabe
459 1596 485 1647 in
504 1609 565 1645 eum
582 1608 691 1647 sensum
709 1599 815 1646 deflexa
831 1602 883 1664 est,
905 1598 1016 1648 leonem
1032 1610 1097 1649 enne
1113 1610 1180 1649 cane

243 1674 423 1738 noracinrem.
920 1676 924 1681 ¹

196 1778 223 1838 i)
240 1777 317 1828 Hanc
334 1783 438 1840 partem
455 1781 601 1844 praecipue
618 1781 714 1843 premit
731 1784 840 1844 Sacyns
855 1782 936 1843 atque
951 1780 1181 1844 ipsnmiihritino-

244 1871 427 1935 monologium
460 1873 650 1937 gravissimum
681 1874 815 1923 Arabicae
851 1874 962 1936 originis
992 1876 1182 1936 argumentum

246 1975 309 2019 esso
326 1965 473 2016 contendit.
507 1966 563 2013 Sed
580 1966 650 2025 quod
669 1964 852 2013 inGoutticrio
870 1964 1014 2025 vituperat,
1032 1975 1095 2012 cunr
1108 1962 1184 2013 atir-

244 2066 334 2107 urasse
352 2057 457 2103 tautum
481 2066 569 2119 neque
595 2056 811 2117 demonstrasse,
845 2056 915 2116 apud
938 2055 1021 2103 Indos
1042 2052 1184 2103 daemonia

249 2157 350 2201 revera
368 2147 432 2195 talia
445 2148 542 2211 putari,
561 2145 652 2209 qualia
669 2147 696 2194 in
710 2142 746 2208 mj
769 2147 985 2211 noctibus-sunt:
1003 2146 1055 2193 hoo
1070 2144 1141 2193 idem
1157 2142 1184 2191 in

246 2234 329 2299 ipsius
347 2237 573 2286 commentatione
591 2237 767 2287 desideratur.
801 2236 869 2285 Eum
887 2237 956 2285 enim
974 2235 1119 2296 oportebat
1134 2246 1184 2295 pro

247 2337 298 2375 sua
314 2326 448 2375 sententia
462 2339 477 2375 e
490 2327 574 2392 libris,
592 2341 705 2389 quornm
723 2327 800 2390 origo
813 2329 930 2377 Arabico
946 2341 1001 2379 non
1018 2333 1061 2377 est
1073 2334 1186 2377 coutro-

247 2429 346 2482 veraa,
373 2420 589 2481 superstitionem
616 2424 740 2470 veterum
762 2422 881 2470 Arabum
904 2424 1033 2471 accurate
1053 2434 1187 2473 enarnrn

248 2512 277 2557 ot
293 2508 331 2557 ita
349 2511 546 2573 remonstrare,
564 2506 601 2574 mj
620 2510 735 2560 noctium
753 2504 987 2574 doemonologiam
999 2522 1061 2561 cum
1068 2512 1188 2561 Arabica

251 2606 355 2651 tantum
371 2604 529 2653 convenire.

199 2695 229 2749 2)
246 2694 355 2754 snoyus
373 2696 424 2743 troc
440 2708 545 2759 negans
567 2695 733 2758 potissimum
756 2684 783 2744 in
805 2707 838 2743 eo
856 2696 1001 2757 versatur,
1035 2698 1064 2742 nt
1086 2704 1125 2743 ex
1146 2692 1188 2745 irin

225 2785 398 2835 nominibus
423 2790 451 2836 et
474 2787 542 2837 locis
565 2789 636 2836 male
660 2789 685 2837 in
708 2789 892 2837 narrationem
917 2786 1029 2836 inductis
1054 2784 1188 2849 originem

250 2877 394 2926 Arabicam
431 2878 536 2936 probet.
583 2881 638 2928 Sed
676 2878 748 2927 inter
775 2880 848 2939 ipsos
876 2877 939 2926 illos
962 2876 1057 2939 locos,
1091 2876 1189 2935 quinus

249 2969 410 3021 sententiam
436 2984 513 3018 suam
542 2972 651 3020 firmare
678 2974 784 3035 studet,
813 2973 888 3033 sunt,
917 2969 961 3032 qni
988 2968 1190 3019 evidentissimo

251 3057 371 3107 indicum
388 3063 526 3109 auctorem
543 3062 658 3123 prodant
664 3074 675 3122 3
700 3064 770 3123 quod
795 3067 825 3111 ut
846 3061 970 3120 excorplo
995 3062 1190 3123 demonstrem,

252 3146 405 3207 epluribus
424 3152 489 3200 duos
507 3156 611 3201 tantum
634 3152 740 3216 eligam.
766 3154 797 3201 in
820 3160 901 3201 nocto
927 3151 1077 3215 undecima,
1101 3150 1141 3199 ait
1163 3164 1191 3213 p.

252 3240 298 3303 57,
315 3240 450 3291 historiam
468 3242 574 3291 narrari
590 3244 664 3307 regis
682 3244 781 3294 Gracci
797 3244 824 3291 in
841 3243 951 3292 Persice
970 3242 1034 3291 urbe
1047 3242 1192 3305 mgnantis

253 3347 304 3407 (ita
321 3349 425 3411 quidem
451 3350 478 3398 in
496 3352 557 3401 edit.
574 3353 641 3401 Hah.
658 3354 682 3417 1,
699 3369 727 3403 Λ.
745 3356 844 3415 exstat,
860 3356 908 3403 scri
926 3352 952 3402 in
968 3352 1031 3402 edit.
1043 3351 1118 3401 Galo.
1129 3352 1154 3417 1,
1164 3364 1192 3413 p.

254 3440 277 3499 ti
298 3444 411 3498 Younin
434 3451 521 3511 aptius
550 3459 592 3502 cst
614 3466 715 3535 nomen¹
729 3454 804 3516 regis
821 3441 912 3534 0¹⁴3ss
936 3438 1059 3518 ΜΗ,
1076 3452 1120 3516 qni
1132 3446 1194 3504 Dri-

255 3551 351 3604 nonum
368 3558 498 3607 menicum
506 3559 660 3623 accerserit,
677 3560 804 3609 librorum
814 3560 992 3624 Graecorum,
1008 3556 1193 3627 Persicorum,

257 3647 442 3715 Tureioorum,
458 3652 645 3717 arabicorum,
662 3655 856 3721 Romanorum,
879 3656 1057 3717 syriacorum
1080 3660 1110 3705 et
1133 3656 1194 3707 iis·
