2474 4500
565 284 772 345 ...12-

172 464 292 547 negligi
312 483 375 525 non
395 465 539 546 petuisse
560 470 658 543 etque
679 480 753 525 eum
774 463 868 544 gravi
889 479 967 525 curn
991 478 1012 524 a
1032 458 1166 543 Kapmi·

170 570 316 631 rensibus
339 568 528 630 observatos
549 565 665 648 fuisse,
687 566 806 628 docent
827 565 1011 629 sinensium
1032 542 1169 625 musti·

172 690 251 733 ones
272 691 311 734 ca
332 672 533 753 supplentes,
559 671 697 752 quaein
724 669 890 732 annalibus
919 668 1036 731 Indicis
1067 668 1170 731 celet·

170 784 255 838 sunt.
299 777 468 856 Imperium
501 776 650 840 Sinerem
683 785 762 838 tunc
793 777 946 857 temperis
974 775 1171 865 occidentem

171 899 288 943 versus
306 883 350 943 ita
371 891 582 964 propagatum
604 883 688 944 eret¹
699 925 711 963 ‚
742 891 778 943 ut
797 883 946 963 regiones
968 880 1009 943 sd
1029 881 1101 943 eius
1122 878 1171 943 dt-

169 987 287 1049 tionem
316 989 509 1069 pertinentes
540 987 579 1047 ab
614 986 775 1047 Arabibus
805 982 1030 1066 peterentur²,
1071 1002 1173 1069 nequo

171 1093 336 1173 quisquam
356 1093 418 1154 iam
439 1093 544 1174 magis
565 1099 661 1170 optus
684 1090 859 1172 videretur,
882 1087 1172 1171 qni'l'rirdnicerum

169 1202 333 1282 regionum
355 1201 514 1262 adversus
538 1217 595 1260 cos
616 1206 785 1279 patronum
805 1206 932 1278 ageret,
955 1214 1052 1277 quem
1073 1196 1172 1261 sino-

169 1324 237 1366 rum
258 1300 459 1384 imperatori
502 1303 595 1368 Unde
616 1304 719 1383 ipsum
739 1303 821 1363 inter
843 1312 876 1363 et
898 1300 1072 1366 Muslimes
1097 1320 1172 1387 mex

170 1413 285 1473 bellum
299 1413 431 1477 exarsit,
450 1413 518 1472 lam
528 1411 667 1473 enno22.
680 1409 758 1487 (inc.
770 1410 820 1470 29.
837 1411 924 1471 Nov.
934 1410 1022 1484 ott.)
1037 1410 1172 1473 Yczds·

171 1507 912 1599 girdumeiusauxiliumimplorasselegimus‘⁴5
934 1514 1076 1579 anno88.
1093 1517 1169 1590 (inc-

174 1621 307 1682 tteoe.
318 1619 399 1699 706)
410 1619 537 1681 Arabes
546 1637 618 1681 cum
627 1618 728 1699 ipsius
736 1619 933 1698 imperatoris
941 1628 1058 1699 nepote
1077 1621 1169 1683 dimi-

174 1736 284 1814 carunt
293 1747 301 1807 3
310 1747 391 1789 anno
400 1728 441 1788 96
449 1728 524 1802 (inc.
536 1727 583 1787 15.
593 1728 684 1806 Sept.
693 1724 780 1797 714.)
791 1725 928 1803 Qutoiba
936 1727 997 1788 ben
1004 1726 1171 1789 Muslimin

173 1833 379 1915 Kishga'rem
412 1832 645 1912 expeditionem
673 1831 768 1911 feeit3
800 1831 832 1893 in
858 1849 920 1914 que
948 1849 1021 1895 cum
1049 1832 1172 1915 primis,

172 2018 396 2032 Μ-ι-

242 2119 398 2184 Postqucm
416 2120 461 2168 ter
473 2119 504 2168 in
516 2118 704 2183 pepnooieit,
720 2116 829 2168 vietum
836 2116 1173 2184 putavittoctemrctra-

239 2208 356 2271 pontem
386 2204 463 2270 (22),
493 2207 674 2271 sinpulcrem
702 2206 778 2256 enim
805 2204 962 2254 uictoriam
993 2205 1095 2256 terem
1117 2218 1173 2269 pcc

237 2315 330 2378 psylli
346 2314 474 2364 stridore
491 2311 544 2377 (2)
562 2313 728 2364 aestiment.
743 2321 799 2394 gut
816 2312 946 2362 insectum
963 2317 1016 2380 est,
1033 2314 1126 2377 qualis
1146 2315 1173 2365 ln

237 2419 312 2483 ligne
340 2419 437 2469 vivunt
467 2420 501 2470 ct’.
535 2419 619 2470 schel.
649 2420 684 2467 ad
714 2421 806 2470 Naislr.
829 2425 879 2484 111,
909 2423 960 2473 126
989 2427 1019 2472 ct
1041 2423 1080 2487 V,
1110 2422 1173 2473 102.

238 2510 323 2559 Etiam
343 2510 370 2560 in
386 2510 475 2559 altere
492 2510 563 2572 lece,
581 2509 608 2557 in
626 2522 679 2571 quo
697 2511 789 2560 Wilse
811 2512 961 2575 suspicatus
985 2515 1027 2562 est
1048 2512 1173 2563 nomma-

238 2600 281 2646 tes
299 2609 360 2645 esse
376 2596 518 2645 Muslimos
542 2598 606 2644 onte
624 2591 797 2656 e'ayaptu'ae
819 2599 893 2661 regis
917 2599 1068 2651 cubiculum
1089 2612 1173 2661 exeu-

236 2703 293 2752 bias
310 2707 437 2766 agentes,
454 2701 535 2751 editio
550 2696 624 2751 Calc.
634 2692 1173 2789 lengealiudhcbetnomengrgffiffw

242 2834 312 2904 rpnr:
321 2856 333 2890 ,
351 2823 452 2889 quibes
469 2822 636 2872 summonte
652 2809 802 2890 praeci-at,
819 2828 871 2892 IV,
888 2829 953 2880 mo.
976 2841 1065 2892 neone
1082 2830 1111 2882 in
1126 2826 1173 2881 stt

237 2930 380 2980 verborum
409 2927 596 2979 coniunctione
619 2934 682 2991 apte
707 2933 741 2980 de
761 2931 893 2981 Muslimis
923 2933 1039 2996 eogitari
1060 2938 1173 2998 petest

237 3015 316 3080 Quod
333 3016 461 3064 historiae
479 3014 660 3080 Kacmlrcnsis
676 3017 822 3080 scriptores
839 3020 937 3070 Persici
949 3018 1173 3087 deLalittdltyw

237 3118 297 3158 cum
314 3106 447 3155 Arabicus
464 3117 614 3168 congressu
632 3109 752 3173 tradunt,
777 3109 803 3160 id
826 3110 910 3173 igitur
931 3114 965 3161 de
988 3125 1039 3163 suo
1062 3113 1173 3165 eddide-

234 3199 299 3246 runt
304 3210 313 3258 3
333 3197 440 3245 nomine
457 3198 547 3245 autem
564 3196 757 3248 Montunldmni
774 3212 822 3249 eos
840 3196 997 3252 Mdmirnunr
1008 3202 1173 3266 significum

236 3298 291 3338 nen
302 3290 384 3352 puto,
401 3286 526 3348 qureniem
546 3298 634 3350 neque
654 3290 797 3352 tantopere
813 3292 991 3356 chronologia
1004 3292 1069 3358 lobi,
1085 3306 1173 3359 neque

236 3389 270 3426 co
292 3376 371 3427 titulo
395 3375 433 3424 uti
455 3378 602 3437 potuerunt
623 3378 769 3440 scriptores
793 3381 918 3430 historiae
942 3383 1173 3436 Multammcdlctc

235 3467 294 3516 sine
312 3464 390 3514 dubio
408 3465 476 3513 hene
494 3464 579 3526 gnari.
617 3467 804 3517 Eclerissinre
821 3465 957 3519 nepesina
981 3470 1101 3524 elmerus
1117 3473 1137 3525 l.
1153 3470 1173 3523 l⁴

235 3557 312 3609 nobis
329 3556 394 3607 facit
412 3554 555 3617 principem
566 3557 658 3606 nescio
669 3570 746 3619 quern
759 3554 957 3609 ltulrlrdrensem
965 3561 1173 3614 Atmetmnuun.

186 3647 215 3709 t)
233 3647 303 3697 Atel
319 3640 449 3695 Remusat
465 3637 546 3691 Mem.
566 3657 614 3693 sur
630 3645 699 3706 plus,
723 3648 860 3707 questions
883 3647 964 3704 relat.
986 3641 1004 3697 ὶι
1024 3650 1054 3700 ls
1074 3644 1173 3717 geogr.

236 3739 270 3785 de
288 3734 371 3786 l’Asie
387 3730 519 3783 centralc.
553 3733 614 3782 Par.
633 3733 710 3784 1825.
728 3733 754 3785 4.
