2474 4500
491 308 717 374 ..ppp-

109 503 174 578 ω,
205 514 340 576 eumque
368 497 399 557 in
424 494 510 558 illius
537 496 642 557 lucum
669 493 825 557 mffieio.
867 489 1046 555 Confestim
1074 493 1105 554 iu

106 622 237 687 regnum
259 623 353 667 suum
373 604 475 688 rediit,
498 624 602 687 neque
624 605 695 685 ipse
720 623 826 686 neque
843 604 1004 666 socierum
1036 603 1106 664 eius

104 712 186 775 ullus
207 713 239 774 in
267 720 350 773 terre
379 699 572 773 Kumireusi
600 710 774 792 praedatus
802 719 863 772 est.
904 709 1023 774 Rednx
1053 702 1108 771 ῆι)-

107 828 180 883 ctus
202 819 349 881 consedit
369 820 399 881 in
424 819 536 880 throno
558 818 599 880 ad
620 819 743 902 lacum,
773 819 826 900 qni
855 817 1019 881 dicebatur
1056 821 1108 882 la·

103 925 307 1007 teroulerum,
327 933 360 997 et
380 926 487 1005 posita
507 934 582 986 ante
603 943 640 986 se
660 925 767 1006 patina
789 942 863 987 curn
884 926 990 1005 capite
1021 925 1110 1008 regis

104 1025 520 1122 Kumireusis,'accersitis
540 1033 632 1115 regni
656 1033 843 1114 proceribus
871 1035 1012 1095 narravit
1042 1052 1110 1096 rem

105 1154 124 1199 ι
150 1154 191 1199 se
217 1145 345 1218 gestam
375 1144 409 1199 et
439 1154 575 1217 quanam
601 1153 701 1198 causa
728 1136 770 1199 sd
791 1154 863 1198 cem
884 1137 1038 1217 impulsus
1058 1138 1110 1204 sit.

105 1242 333 1304 Acclamarunt
354 1242 512 1322 principes
534 1249 567 1302 et
594 1240 745 1322 gratulati
774 1250 856 1302 sunt.
899 1242 980 1303 Tum
1012 1232 1163 1333 euput23¹

105 1352 247 1414 ablutum
267 1359 300 1412 et
321 1350 471 1412 odoribus
494 1348 656 1412 eonditum
678 1351 708 1413 in
727 1351 833 1430 patina
862 1353 988 1412 servari
1016 1352 1110 1412 iussit

106 1469 140 1524 et
158 1460 282 1524 remisit
303 1460 373 1541 regi
393 1459 585 1522 Kumaireusi
605 1478 705 1541 nuper
720 1459 898 1541 *constituto
919 1459 1011 1539 eique
1026 1459 1111 1520 scri-

106 1569 185 1650 psit:
206 1566 343 1629 Domino
365 1576 419 1629 tuo
441 1562 481 1629 ea
501 1586 563 1628 non
584 1568 720 1630 fecimus
741 1568 801 1629 uisi
827 1576 959 1648 prepter
979 1568 1112 1630 temeri-

107 1683 207 1739 tatem
229 1672 390 1735 adversus
411 1692 472 1735 nus
494 1682 527 1735 et
548 1675 634 1736 utin
656 1676 788 1737 uberum
811 1675 992 1755 exemplum
1013 1674 1112 1755 puni-

108 1790 203 1845 retur.
247 1781 353 1859 Quum
385 1789 494 1843 autem
531 1780 593 1842 iam
622 1779 706 1862 quod
739 1779 940 1840 voluerimus
970 1775 1114 1839 assecuti

112 1889 227 1970 simus,
246 1868 307 1949 ‘tibi
328 1897 426 1968 caput
447 1888 516 1949 eius
536 1888 664 1949 mittere
685 1885 900 1968 decrevimus,
932 1903 1028 1966 quum
1047 1900 1111 1943 ne-

111 2016 175 2078 qne
182 1995 321 2057 fructum
332 1994 498 2075 percipere
510 2011 553 2054 ex
564 1993 635 2053 eins
649 1991 838 2072 captivitate
846 1991 867 2075 ¹,
882 1988 1036 2070 nequede
1051 2008 1114 2049 ne-

109 2111 177 2165 stra
197 2101 334 2175 victoria
354 2100 483 2182 gloriari
504 2099 662 2161 volumus.
704 2100 754 2159 Ea
775 2115 829 2159 res
858 2105 1027 2178 postquam
1056 2096 1114 2155 ln-

113 2213 186 2276 diue
208 2218 241 2272 et
263 2211 412 2273 Sinarum
434 2210 564 2290 regibus
586 2208 729 2270 nuntiata
757 2214 819 2287 est,
848 2191 1010 2286 Mabraig'i
1030 2202 1115 2282 apud

112 2320 171 2379 eus
192 2316 368 2378 auctoritas
391 2315 511 2394 crevit3
540 2332 638 2396 reges
667 2323 776 2377 autem
798 2313 1019 2377 Kombreuses
1049 2331 1113 2393 pe-

111 2434 197 2507 stea,
233 2423 262 2484 si
294 2441 386 2483 mane
414 2422 599 2504 surgebant,
629 2423 720 2483 vultu
741 2438 859 2482 versus
882 2407 1111 2501 Zinig'eusem

114 2507 279 2610 regionem
308 2544 468 2588 converse
496 2511 699 2610 Mahrig'um
719 2526 937 2589 venerabundi
964 2543 1004 2588 se
1031 2543 1110 2605 pre-

113 2621 307 2699 sternebant.

197 2741 311 2824 Pergit
331 2740 521 2807 Mesbdius:
551 2743 601 2804 De
623 2742 694 2804 lacu
721 2741 775 2803 ille
803 2738 1026 2800 laterculorum
1058 2752 1120 2796 au-

118 2866 247 2909 reorum
274 2848 356 2909 haec
384 2850 505 2929 accipe.
547 2849 703 2911 Palatium
732 2830 893 2926 Mabrbg'i
920 2849 1122 2903 exstructum

116 2957 175 3018 fnit
202 2955 244 3018 ad
278 2956 380 3017 laeum
409 2957 544 3037 aliquem
575 2974 708 3037 parvum
743 2971 815 3015 cum
846 2950 985 3043 maximo
1014 2956 1121 3011 terrae

120 3061 237 3144 Zanig¹
258 3063 356 3125 fluvio
378 3063 617 3147 cohaerentem,
640 3081 735 3144 quem
756 3059 885 3122 fluvium
912 3075 996 3138 aqua
1023 3056 1122 3116 maris

120 3169 280 3231 accedeus
303 3178 405 3231 tetum
426 3179 575 3252 occupat,
600 3170 675 3231 dum
695 3165 851 3228 recedens
872 3185 914 3226 ex
935 3182 975 3225 eo
1004 3179 1122 3242 aquam
1150 3224 1152 3229 ,

122 3272 245 3337 dulcem
277 3275 379 3337 effert.
403 3274 541 3354 Quoque
581 3275 632 3336 die
673 3273 827 3335 matutino
862 3279 1004 3350 tempore
1033 3267 1123 3348 regis

123 3382 243 3443 aerario
272 3383 327 3464 qui
352 3382 537 3462 praefectus
559 3390 628 3443 erat
649 3399 720 3441 cum
747 3381 847 3440 lutere
878 3396 920 3437 ex
948 3393 1024 3436 eure
1051 3374 1124 3437 fuso

123 3487 271 3570 intravit,
303 3490 411 3570 plures
436 3490 539 3552 minas
575 3490 773 3569 continente,
803 3504 936 3569 quarum
974 3483 1124 3564 penderis

142 3687 284 3753 bllladem
307 3695 356 3741 sed
380 3693 471 3752 puello
490 3692 598 3741 diverse
617 3688 695 3736 modo
724 3687 855 3732 memorat
880 3682 959 3731 etlam
977 3678 1124 3744 Oeneiuius

192 3824 214 3856 s.
233 3823 258 3855 v.
276 3780 378 3871 Zbuffi'.
