2474 4500
496 314 705 373 ..11-

115 487 172 549 dant
192 492 360 571 peregrino
380 510 420 554 uc
440 493 574 553 barbaro
601 496 816 572 perturbatam
840 496 964 575 fuisse,
1007 496 1101 556 mode

114 586 233 657 navibus
252 595 405 680 advecto,
427 598 522 660 modo
544 607 628 661 terra
650 619 670 661 a
690 610 781 680 parte
804 601 937 662 Sindiae
951 620 1100 679 prerum-

112 708 205 783 pente,
228 702 279 782 qui
298 709 333 763 ut
356 703 491 764 daemon
512 704 649 766 describi
671 708 801 767 soleret.
846 708 913 769 Sed
928 708 1117 768 niaritirnas·

111 806 319 886 expeditiones
342 811 483 872 Musiimi
505 811 663 874 adversus
685 815 1103 895 Indiamnunquarnsusee-

91 919 225 994 'petunt
246 919 280 974 et
299 931 382 992 quae
404 912 446 975 de
468 913 633 976 daemonis
656 918 758 976 forma
780 917 956 1001 adduntur,
987 919 1103 981 (locent

111 1018 235 1081 ranam
257 1038 389 1099 prorsus
412 1019 495 1080 aliud
517 1030 675 1101 spectare.
696 1023 812 1101 Neque
834 1024 944 1085 maiori
965 1025 1103 1087 sortasse

111 1124 162 1187 ide
193 1122 291 1207 digna
324 1135 415 1207 sunt,
453 1144 535 1207 qnae
564 1127 647 1186 idern
681 1123 805 1188 rrarrat‘*
848 1128 887 1188 de
923 1146 1104 1209 congressu

115 1235 278 1314 principum
307 1232 487 1295 Indicorum
522 1235 552 1295 in
583 1222 703 1297 C'itora
731 1238 808 1297 urbe
837 1236 878 1298 ad
905 1256 1103 1298 communem

112 1335 320 1399 defensionem
344 1339 596 1421 coniunctorum,
618 1343 699 1402 inter
724 1362 804 1423 quos
824 1345 918 1404 etiarn
934 1344 1033 1404 Dahir
1047 1365 1106 1406 rex

112 1436 253 1506 baibaiae
288 1446 477 1507 nominatur.
525 1449 718 1529 Priusquam
752 1449 784 1509 hi
824 1452 955 1510 annales
996 1451 1106 1511 critice

84 1610 87 1615 .
113 1551 273 1614 examinati
294 1560 397 1632 erunt⁷
419 1554 544 1614 etiamsi
565 1555 648 1615 haec
666 1574 781 1616 revera
796 1557 880 1617 itain
897 1558 935 1616 iis
950 1557 1014 1639 legi
1026 1563 1106 1618 eon-

113 1655 263 1740 eedamus7
284 1675 412 1738 semper
435 1657 610 1720 verendum
633 1667 695 1740 est,
723 1681 764 1721 ne
787 1661 862 1723 talia
890 1682 931 1721 ex
960 1664 1103 1742 ipsorum

113 1762 244 1827 tubum
281 1766 462 1827 narratione
496 1785 515 1826 a
542 1766 772 1827 recentissimis
800 1765 976 1825 hominibus
1005 1767 1107 1826 veteri

114 1867 254 1932 historiae
277 1869 388 1931 afficta
408 1872 481 1931 sint.
525 1871 652 1932 Certius
670 1871 732 1930 iam
757 1870 797 1930 de
820 1872 985 1931 annalibus
1014 1871 1107 1949 Kau-

114 1974 295 2038 nirensibus
317 1976 458 2037 iudicare
479 1978 567 2058 licet,
590 1978 620 2035 in
643 1976 768 2057 quibus,
792 1994 970 2055 quanquam
989 1974 1108 2034 diserta

116 2079 248 2140 Arabum
265 2080 383 2140 mentio
395 2081 577 2160 exspectari
592 2079 739 2160 debebat,
761 2079 846 2138 nulla
858 2087 964 2139 tamen
979 2078 1106 2159 legitur.

114 2191 333 2273 Exspectanda
354 2193 437 2253 enim
459 2201 527 2253 erat
556 2193 588 2252 in
614 2211 713 2273 regno
740 2191 969 2272 Laiitaidityae,
1016 2209 1107 2269 quern

114 2307 231 2360 nunant
251 2297 343 2358 India
365 2315 437 2358 curn
465 2298 613 2357 exercitu
645 2303 816 2376 peragrata
843 2295 1109 2374 septentrionales

116 2422 218 2466 versus
246 2405 399 2486 regiones
432 2403 609 2483 profectum
637 2391 834 2484 Kambog'as
862 2413 894 2464 et
926 2402 1109 2462 Bukhairanr

116 2511 239 2575 vicisse.
281 2503 447 2592 Regnavit
484 2512 511 2571 is
542 2509 719 2570 secundum
748 2509 909 2570 Wilsonis
936 2509 1109 2568 ratiocina-

117 2617 234 2701 tionem,
259 2636 352 2698 quam
382 2602 434 2679 hic'
460 2618 500 2679 ad
529 2637 651 2698 paucos
682 2635 784 2678 annos
813 2625 935 2676 rectam
964 2635 1039 2675 csse
1070 2635 1111 2674 ex

118 2725 177 2787 a'iis
205 2725 380 2786 rationibus
416 2724 625 2785 demonstrari
656 2729 784 2801 potest,
826 2722 915 2780 aruris
945 2721 1112 2780 ’tna-750

120 2827 605 2912 chr.‚qu0temp0ren1usumi
635 2808 819 2887 Bukhbiam
850 2825 1015 2902 tenebant3
1054 2825 1112 2884 scd

84 2964 87 2971 ·
120 2952 152 2993 ne
170 2935 336 2996 levissima
357 2933 484 3014 quidem
506 2935 573 2993 eius
595 2933 642 2992 rei
662 2931 779 2990 mentio
803 2930 838 2990 fit
847 2925 867 2989 5.
904 2929 1035 2990 Revera
1060 2937 1113 2986 ta-

122 3056 186 3100 nen
203 3041 343 3102 Arabum
370 3058 584 3121 progressusJ
620 3040 651 3098 in
679 3037 813 3098 historia
840 3037 1026 3116 neglectos,
1072 3037 1114 3093 ita

125 3198 313 3216 ι·“------ι

177 3275 205 3323 to
222 3274 315 3322 *atter
337 3271 481 3336 arrarters.
519 3269 635 3327 Vocem,
665 3279 744 3328 quarn
774 3268 888 3316 reddidit
919 3266 1116 3316 Mussetrncns

107 3338 111 3343 .
179 3365 204 3412 in
221 3379 272 3415 suo
297 3364 389 3413 codiee
411 3362 554 3422 legendam
578 3364 722 3408 censuerat
739 3358 873 3407 Marssnni
896 3359 940 3406 vel
957 3359 1112 3407 M'ussulli:

180 3455 233 3502 Sed
256 3466 313 3503 rem
337 3466 416 3501 secus
448 3464 509 3499 esse
537 3451 654 3498 ostendit
677 3449 757 3497 editio
781 3449 979 3510 Ueientanus,
1015 3450 1039 3495 in
1064 3459 1116 3508 qua

180 3555 277 3591 versus
296 3543 334 3590 ita
350 3542 450 3603 legitur
467 3543 517 3606 IV,
537 3541 602 3588 its:

262 3627 954 3731 semedsfflsaeiragzuffi
