2474 4500
488 197 718 261 ..121-

126 380 808 462 aemmutmexhocipsotihro
832 378 1108 443 Arabeslnnse·

122 498 179 551 Μ
194 507 267 553 sua.
287 490 433 552 Fuerunt
452 488 594 570 quidem,
614 490 671 569 qni
689 496 860 569 putarent,
880 487 967 549 huno
990 486 1105 547 libram

119 613 169 656 aaa
189 605 269 658 aute
301 593 480 657 decimum*
500 597 555 655 vel
588 605 740 657 octavum
760 596 925 656 saeculum
954 592 1108 674 seriptum

113 698 217 785 faisse,
239 701 301 764 sed
328 704 440 783 utique
465 702 627 763 vetustior
652 702 719 762 init.
762 699 893 764 Graece
919 698 1106 780 deperditus

113 817 167 892 est,
188 809 249 872 sed
271 819 382 873 exstat
398 811 508 872 versio
531 811 735 892 Armeniaca,
763 812 871 890 quinto
892 811 1041 889 saeculo,
1076 807 1107 868 si

110 912 316 978 Heehitaritis
336 917 418 978 fides
439 915 588 980 habenda
608 928 671 1000 est,
693 914 875 980 coniecta.⁵
906 917 1013 978 Etiam
1028 934 1109 976 rer·

108 1012 227 1087 dam
255 1024 444 1106 nonarum,
477 1027 590 1106 quales
626 1035 702 1087 sunt
738 1023 844 1087 Gesta
869 1022 1046 1086 Alexandri
1075 1030 1108 1082 et

106 1131 241 1210 epistola
263 1131 335 1192 eius
356 1131 397 1192 ad
404 1131 610 1192 Aristotelem
631 1131 718 1214 data,
740 1130 872 1192 codices
893 1138 1024 1190 exstant
1044 1147 1107 1189 an-

107 1236 271 1318 tiquiores,
295 1245 393 1318 atque
413 1237 548 1299 eandem
569 1238 746 1299 fabularum
768 1237 933 1298 materiem
951 1234 1107 1297 eontinuit

104 1344 179 1408 liber
199 1347 341 1428 Aesopi,
363 1365 458 1427 quem
482 1347 600 1407 Latine
630 1365 650 1408 a
677 1346 758 1407 lulio
786 1344 920 1406 Valerio
949 1341 1109 1405 redditum

48 1508 59 1535 f
105 1451 200 1514 edidit
219 1453 262 1513 A.
285 1454 404 1516 hlaius.
446 1454 511 1514 Per
531 1471 570 1514 se
589 1454 686 1515 facile
706 1453 880 1514 coniectari
900 1459 1029 1533 potest,
1051 1467 1109 1513 eas

105 1540 227 1622 fabulas
248 1561 312 1622 iam
330 1562 430 1623 multo
450 1562 539 1642 prius
560 1560 710 1621 inventas
732 1568 765 1621 et
785 1579 885 1641 saepe
908 1560 949 1620 ab
958 1558 1029 1620 aliis
1044 1558 1109 1619 ali-

107 1674 151 1728 ter
170 1667 345 1731 adornatas
365 1687 440 1730 esse
445 1713 459 1753 7
494 1667 579 1728 unde
610 1666 737 1749 quidem
759 1666 881 1728 definiri
899 1667 1027 1759 nequit,
1067 1685 1110 1727 ex

108 1791 168 1854 quo
189 1775 350 1855 scriptore
380 1775 422 1837 ad
449 1776 576 1836 Arabes
603 1773 805 1855 transierint,
848 1791 1039 1854 quamquam
1067 1771 1109 1834 de

108 1879 306 1944 Callisthene
336 1883 447 1945 maiori
475 1900 547 1942 enm
575 1881 796 1960 probabilitate
825 1878 1030 1960 cogitandum
1056 1879 1110 1941 sit.

107 1991 199 2072 onte
221 1991 261 2053 de
279 1991 456 2054 Alexandri
477 2001 510 2054 et
530 1991 605 2053 Pori
626 1991 731 2074 gestis
753 1991 784 2051 iu
812 1989 881 2049 libri
906 1988 1012 2049 Kalila
1032 2009 1110 2071 pro-

104 2097 208 2159 oemio
230 2106 406 2178 ornantur,
429 2116 472 2157 ex
492 2096 556 2158 hoo
576 2096 665 2157 fonte
686 2093 832 2156 derivata
853 2104 945 2173 sunt3
967 2113 1006 2155 co
1023 2094 1109 2156 seri-

102 2201 169 2280 psit
188 2201 248 2262 Ibn
275 2201 434 2283 nuqua,
456 2210 492 2263 ut
514 2210 652 2265 testatur
677 2203 734 2264 lbu
756 2195 955 2265 Khallikan⁶.
983 2203 1111 2266 Arabes

103 2305 221 2368 deinde
241 2309 439 2368 narrationes
460 2308 593 2368 multum
613 2315 810 2370 exornarunt
830 2318 863 2370 et
891 2308 1111 2373 Alexandrum

103 2412 199 2473 etiam
221 2412 341 2474 insulas
369 2413 467 2475 maris
492 2413 592 2475 Indici
623 2433 818 2498 peragrasse
848 2414 1020 2476 finxerunt.
1060 2414 1112 2477 lta

104 2515 137 2576 in
157 2517 348 2597 'l'aprobana
365 2517 408 2580 ad
427 2528 566 2581 montem
588 2521 704 2583 Rahun
723 2524 780 2583 Ihn
808 2520 970 2585 Bathirtha
991 2523 1113 2586 invenit

108 2633 311 2686 monumenta
330 2623 539 2686 Alexandri.⁷
582 2625 674 2702 Quae
695 2646 715 2688 a
735 2629 840 2707 poetis
868 2629 985 2708 leporis
1005 2629 1111 2709 gratia

110 2745 208 2810 saepe
227 2741 364 2793 venuste
385 2732 462 2792 ficta
483 2739 583 2812 erant,
606 2749 646 2790 ea
667 2727 782 2791 deinde
807 2732 949 2793 historici
976 2741 1008 2792 et
1027 2751 1114 2814 geo-

111 2835 220 2916 graphi
246 2837 277 2897 in
311 2855 370 2899 sua
397 2857 495 2918 opera
523 2838 770 2920 transtulerunt,
814 2841 907 2900 ouius
937 2840 985 2901 rei
1012 2842 1113 2903 multa

113 2944 256 3024 exempla
278 2944 384 3027 colligi
405 2953 552 3027 possunt.
580 2943 648 3006 Sed
669 2965 726 3026 pro
747 2965 819 3007 meo
841 2956 1031 3028 argumento
1053 2949 1113 3011 vix

114 3052 374 3131 operaepretium
387 3060 457 3133 est,
478 3053 509 3112 in
522 3052 582 3114 has
595 3053 722 3114 fabulas
730 3054 913 3116 accuratius
927 3051 1115 3138 inquirere.⁸

121 3215 327 3230 ὴ-

132 3321 160 3376 5)
177 3319 318 3394 Neumuun
336 3322 433 3371 Geseb.
453 3325 500 3372 der
517 3335 618 3376 arinen.
639 3325 689 3374 Lit.
708 3339 734 3387 p.
753 3326 793 3377 rt.

131 3449 160 3514 6)
178 3454 214 3516 11,
231 3465 257 3513 p·
276 3446 321 3505 ΙΗ.
355 3435 495 3487 ll'fistenf.

130 3580 159 3635 ’2)
176 3593 201 3641 p.
221 3581 284 3630 iss.
305 3581 366 3633 189.
383 3583 449 3631 Lee.

130 3687 160 3756 8)
176 3695 211 3743 ol.
229 3691 377 3757 Qazvtnius
395 3709 420 3757 p.
439 3696 538 3748 58:61.
556 3698 629 3745 Duas
646 3696 714 3746 alim
732 3696 789 3747 eiua
806 3695 916 3760 generis
934 3697 1104 3748 narrutioues
